,reportedCurrency,grossProfit,totalRevenue,costOfRevenue,costofGoodsAndServicesSold,operatingIncome,sellingGeneralAndAdministrative,researchAndDevelopment,operatingExpenses,investmentIncomeNet,netInterestIncome,interestIncome,interestExpense,nonInterestIncome,otherNonOperatingIncome,depreciation,depreciationAndAmortization,incomeBeforeTax,incomeTaxExpense,interestAndDebtExpense,netIncomeFromContinuingOperations,comprehensiveIncomeNetOfTax,ebit,ebitda,netIncome,Quarter
0,USD,61100000,106089000,44989000,44989000,12133000,34334000,14633000,48967000,None,-5661000,None,5661000,-9722000,-26000,1813000,6591000,-3276000,-222000,15383000,-3054000,-106000,2385000,8976000,-3054000,2023Q4
1,USD,63991000,112163000,48172000,48172000,13481000,36056000,14454000,50510000,None,-6269000,None,6269000,None,-20000,1756000,6754000,7192000,827000,6269000,6365000,4050000,13461000,20215000,6365000,2023Q3
2,USD,63819000,112236000,48417000,48417000,12476000,36398000,14945000,51343000,None,-6603000,None,6603000,None,15000,1752000,6747000,5888000,-839000,6603000,6727000,6618000,12491000,19238000,6727000,2023Q2
3,USD,62872000,111144000,48272000,48272000,12175000,35542000,15155000,50697000,None,-6393000,None,6393000,None,47000,1596000,6745000,5829000,-70000,6393000,5899000,6077000,12222000,18967000,5899000,2023Q1
4,USD,61521000,109306000,47785000,47785000,11963000,35464000,14094000,49558000,None,-5971000,None,5971000,None,17000,1649000,6957000,5979000,230000,5971000,5809000,7068000,11950000,18907000,5779000,2022Q4
5,USD,58995000,105738000,46743000,46743000,16883000,34352000,13899000,42112000,3000,-5036000,-3000,5033000,388333000,157000,1651000,10528000,12007000,784000,5036000,11223000,9434000,17040000,27568000,11223000,2022Q3
6,USD,57426000,103517000,46091000,46091000,9974000,33379000,13968000,47452000,1000,-5297000,-1000,5296000,-8000,-96000,1701000,7046000,4582000,456000,5297000,4126000,2767000,9878000,16924000,4126000,2022Q2
7,USD,51984000,94713000,42729000,42729000,7564000,30601000,13819000,44420000,2000,-4465000,-2000,4463000,None,139000,1739000,7045000,3240000,393000,4465000,2847000,2899000,7703000,14748000,2847000,2022Q1
8,USD,47881000,84257000,36376000,36376000,3799000,30561000,13412000,44082000,5000,-4903000,-5000,4898000,None,-102000,1553000,6309000,-1201000,-2388000,4903000,1187000,975000,3697000,10006000,1187000,2021Q4
9,USD,42626000,79106000,36480000,36480000,3286000,27539000,11801000,39340000,6000,-376000,-10000,366000,308508000,85000,1132000,4545000,3001000,-1587000,376000,4588000,3591000,3367000,7912000,4588000,2021Q3
10,USD,42556000,79079000,36523000,36523000,4018000,26063000,12374000,38538000,3000,-371000,3000,371000,5000,-114000,1047000,4101000,3536000,379000,371000,3157000,3620000,3907000,8008000,3157000,2021Q2
11,USD,40457000,77301000,36844000,36844000,3370000,25571000,11355000,37087000,1000,-246000,1000,246000,None,77000,1075000,3927000,3202000,274000,246000,2928000,2661000,3448000,7375000,2928000,2021Q1
12,USD,41019000,73146000,32127000,32127000,-146000,29339000,11093000,41165000,0,-402000,None,402000,None,-192000,1089000,3961000,-740000,-433000,402000,-340000,1565000,-338000,3623000,-307000,2020Q4
13,USD,37518000,73169000,35651000,35651000,5221000,21299000,11010000,32297000,1000,-526000,1000,526000,278671000,-352000,1073000,4067000,4344000,-89000,526000,37518000,7238000,4870000,8937000,4433000,2020Q3
14,USD,37349000,70338000,32989000,32989000,2855000,23511000,10892000,34494000,22000,-900000,22000,900000,0,-67000,1183000,4123000,1910000,144000,900000,1766000,2447000,2810000,6933000,1766000,2020Q2
15,USD,38641000,73447000,34806000,34806000,3724000,23347000,11532000,34917000,50000,-1734000,50000,1734000,0,89000,1120000,4116000,2129000,125000,1734000,2004000,-480000,3863000,7979000,2004000,2020Q1
16,USD,30464000,62317000,31853000,31853000,-483000,20616000,10331000,30947000,231000,-432000,231000,432000,0,-236000,1169000,2448000,-892000,-1100000,432000,208000,2868000,-460000,1988000,208000,2019Q4
17,USD,30595000,64960000,34365000,34365000,2108000,18594000,9893000,28487000,176000,-8000,176000,8000,334000,311000,1235000,2149000,2573000,287000,8000,30595000,1404000,2581000,4730000,2286000,2019Q3
18,USD,28328000,61166000,32838000,32838000,1621000,18143000,8584000,26707000,205000,0,205000,0,63000,-174000,1126000,2060000,1652000,4000,0,1648000,2183000,1652000,3712000,1648000,2019Q2
19,USD,30329000,65764000,35435000,35435000,785000,19975000,9569000,29544000,144000,-2000,142000,2000,-1000,257000,1084000,2069000,1184000,-158000,2000,1342000,1266000,1186000,3255000,1342000,2019Q1
20,USD,29783000,62313000,32530000,32530000,5558000,14774000,9518000,24225000,208000,-92000,None,92000,4396000,48000,1133000,2540000,5722000,1040000,92000,4682000,3116000,5814000,8354000,4682000,2018Q4
21,USD,30613000,65118000,34505000,34505000,1539000,20342000,8605000,29074000,102000,-13000,None,13000,714000,85000,909000,2569000,1713000,-1627000,13000,3608000,3540000,1726000,4295000,3340000,2018Q3
22,USD,29648000,62272000,32624000,32624000,2424000,18897000,8205000,27224000,97000,-5000,None,5000,13000,535000,894000,2579000,3051000,147000,5000,2621000,-212000,3056000,5635000,2904000,2018Q2
23,USD,26834000,54548000,27714000,27714000,818000,17534000,8617000,26016000,38000,-4000,None,4000,-5000,-527000,787000,2593000,325000,451000,4000,-357000,1670000,329000,2922000,-126000,2018Q1
24,USD,21959000,44955000,22996000,22996000,-1999000,16309000,7751000,23958000,208000,-3000,None,3000,0,-45000,759000,1694000,-1839000,2648000,3000,-4569000,-4234000,-1836000,-142000,-4487000,2017Q4
25,USD,21334000,45105000,23771000,23418000,4223000,9908000,7262000,17170000,222000,-3000,None,3000,100000,-134000,781000,1468000,4271000,-72000,3000,4343000,6356000,4274000,5632000,4343000,2017Q3
26,USD,22485000,45739000,23254000,23254000,709000,11841000,7420000,21776000,155000,-2000,None,2000,0,-221000,738000,1639000,641000,-694000,2000,1335000,3875000,643000,5739000,1335000,2017Q2
27,USD,21902000,45615000,23713000,23713000,1512000,13411000,6979000,20390000,120000,-10000,None,10000,0,-143000,793000,1366000,1479000,148000,10000,1331000,2617000,1489000,2878000,1331000,2017Q1
28,USD,21453000,45175000,23722000,23722000,2422000,12126000,6905000,19031000,159000,-33000,None,33000,0,574000,656000,1001000,3122000,765000,33000,2357000,-1413000,3155000,3423000,2357000,2016Q4
29,USD,24604000,50454000,25850000,25850000,5038000,12154000,7412000,19566000,164000,-65000,None,65000,-700000,-149000,654000,1052000,4988000,1144000,65000,3844000,3457000,5053000,6090000,3844000,2016Q3
30,USD,25977000,52130000,26153000,26153000,5125000,12910000,7948000,20852000,143000,-100000,None,100000,0,-359000,683000,1144000,4809000,532000,100000,4277000,3009000,4909000,6269000,4277000,2016Q2
31,USD,24742000,50162000,38752000,25420000,3653000,13230000,7757000,21089000,12000,-118000,None,118000,-42000,-284000,681000,533000,3292000,1155000,118000,2226000,3625000,3410000,3943000,2137000,2016Q1
32,USD,24357000,53171000,39600000,25902000,3289000,12579000,7838000,21068000,100000,-8000,None,8000,2912000,123000,724000,468000,6831000,381000,8000,3131000,4539000,6839000,7307000,6450000,2015Q4
33,USD,26305000,47435000,43073000,27868000,5314000,14085000,8332000,20991000,84000,0,None,0,600000,-117000,779000,624000,4594000,1609000,0,3668000,2807000,4594000,5218000,2985000,2015Q3
34,USD,25024000,54538000,44043000,27031000,3792000,14154000,8374000,21232000,42000,-4000,None,4000,0,419000,725000,700000,3664000,1168000,4000,3085000,4070000,3668000,4368000,2496000,2015Q2
35,USD,23235000,53151000,44712000,27166000,1319000,14839000,7779000,21916000,54000,None,None,342000,0,1324000,693000,800000,2481000,1035000,None,1662000,-1895000,1319000,2119000,1446000,2015Q1
36,USD,22557000,48723000,43551000,24661000,464000,15980000,7562000,22093000,38000,None,None,426000,0,388000,752000,770000,-467000,-128000,None,1018000,-2730000,464000,1234000,-339000,2014Q4
37,USD,23647000,51612000,44272000,18544000,4690000,15353000,7868000,18850000,44000,0,None,0,None,456000,863000,802000,2448000,2022000,0,3168000,-2845000,2448000,3250000,426000,2014Q3
38,USD,22149000,47881000,41812000,25736000,-280000,15176000,7253000,22429000,39000,-4000,None,4000,None,-69000,866000,900000,-314000,-213000,4000,-101000,282000,-310000,590000,-101000,2014Q2
39,USD,21780000,45881000,40020000,24102000,-649000,15018000,7411000,22429000,50000,-1000,None,1000,None,21000,931000,900000,-579000,-1317000,1000,738000,573000,-578000,322000,738000,2014Q1
40,USD,22908000,47322000,40460000,24414000,628000,14942000,7257000,22280000,43000,0,None,0,None,93000,897000,952000,764000,76000,0,688000,1054000,764000,1716000,688000,2013Q4
41,USD,25963000,51369000,761000,25406000,3564000,14520000,7529000,22399000,50000,-5000,None,5000,None,20000,910000,1090000,3629000,1582000,5000,25202000,3478000,3634000,4724000,2047000,2013Q3
42,USD,24720000,48824000,40426000,24104000,1892000,15222000,7606000,22828000,58000,0,None,0,None,-59000,846000,1100000,1891000,363000,0,1528000,1647000,1891000,2991000,1528000,2013Q2
43,USD,24961000,48160000,41103000,23236000,419000,16804000,7775000,24542000,50000,-37000,None,37000,None,438000,857000,1100000,870000,-130000,37000,1000000,-2127000,907000,2007000,1000000,2013Q1
44,USD,24479000,46991000,38973000,22512000,1672000,15390000,7417000,22807000,52000,0,None,0,None,124000,848000,1071000,1848000,618000,0,1230000,942000,1848000,2919000,1230000,2012Q4
45,USD,24820000,47248000,36345000,22428000,4554000,13263000,7003000,20266000,72000,-8000,None,8000,None,-213000,856000,939000,4405000,1943000,8000,24820000,3593000,4413000,5352000,2462000,2012Q3
46,USD,25304000,47632000,38427000,22328000,2082000,14480000,7779000,23222000,71000,0,None,0,None,-192000,877000,1100000,1961000,-346000,0,2307000,-230000,1961000,3061000,2307000,2012Q2
47,USD,25783000,49001000,37311000,23233000,3429000,14541000,7753000,22354000,74000,-15000,None,15000,None,8000,822000,1193000,3496000,1374000,15000,2122000,2022000,3511000,4704000,2122000,2012Q1
48,USD,24430000,46662000,38335000,22232000,816000,15146000,8232000,23614000,72000,0,None,0,None,147000,784000,1245000,1035000,311000,0,724000,-1038000,1035000,2280000,724000,2011Q4
49,USD,27516000,51836000,200000,26663000,4546000,14621000,8125000,22970000,64000,-7000,None,7000,None,-74000,772000,1297000,4529000,1680000,7000,27316000,1039000,4536000,5833000,2849000,2011Q3
50,USD,28755000,54248000,39608000,24877000,6164000,14731000,7860000,22591000,61000,-26000,None,26000,None,-378000,781000,1500000,5821000,2206000,26000,3615000,3813000,5847000,7347000,3615000,2011Q2
51,USD,25651000,49716000,24065000,23212000,3662000,3934000,7849000,21989000,None,None,None,27000,None,-223000,740000,2619000,3481000,1242000,None,None,None,3662000,6281000,2239000,2011Q1
52,USD,24666000,48334000,23668000,22820000,2665000,3703000,7808000,22001000,None,None,None,19000,None,-12000,713000,2422000,2684000,368000,None,None,None,2665000,5087000,2316000,2010Q4
53,USD,24030000,47266000,23236000,22353000,3385000,4581000,7102000,20645000,None,None,None,28000,None,102000,647000,2350000,3537000,1293000,None,None,None,3385000,5735000,2244000,2010Q3
54,USD,23718000,47238000,23520000,22496000,2544000,4226000,7159000,21174000,None,None,None,26000,None,-16000,None,2558000,2596000,-1216000,None,None,None,2544000,5102000,3812000,2010Q2
