,Quarter,1. open,2. high,3. low,4. close,5. volume,reportedEPS,estimatedEPS,surprise,surprisePercentage,reportedCurrency_x,grossProfit,totalRevenue,costOfRevenue,costofGoodsAndServicesSold,operatingIncome,sellingGeneralAndAdministrative,researchAndDevelopment,operatingExpenses,investmentIncomeNet,netInterestIncome,interestIncome,interestExpense,nonInterestIncome,otherNonOperatingIncome,depreciation,depreciationAndAmortization,incomeBeforeTax,incomeTaxExpense,interestAndDebtExpense,netIncomeFromContinuingOperations,comprehensiveIncomeNetOfTax,ebit,ebitda,netIncome_x,reportedCurrency_y,totalAssets,totalCurrentAssets,cashAndCashEquivalentsAtCarryingValue,cashAndShortTermInvestments,inventory,currentNetReceivables,totalNonCurrentAssets,propertyPlantEquipment,accumulatedDepreciationAmortizationPPE,intangibleAssets,intangibleAssetsExcludingGoodwill,goodwill,investments,longTermInvestments,shortTermInvestments,otherCurrentAssets,otherNonCurrentAssets,totalLiabilities,totalCurrentLiabilities,currentAccountsPayable,deferredRevenue,currentDebt,shortTermDebt,totalNonCurrentLiabilities,capitalLeaseObligations,longTermDebt,currentLongTermDebt,longTermDebtNoncurrent,shortLongTermDebtTotal,otherCurrentLiabilities,otherNonCurrentLiabilities,totalShareholderEquity,treasuryStock,retainedEarnings,commonStock,commonStockSharesOutstanding,reportedCurrency,operatingCashflow,paymentsForOperatingActivities,proceedsFromOperatingActivities,changeInOperatingLiabilities,changeInOperatingAssets,depreciationDepletionAndAmortization,capitalExpenditures,changeInReceivables,changeInInventory,profitLoss,cashflowFromInvestment,cashflowFromFinancing,proceedsFromRepaymentsOfShortTermDebt,paymentsForRepurchaseOfCommonStock,paymentsForRepurchaseOfEquity,paymentsForRepurchaseOfPreferredStock,dividendPayout,dividendPayoutCommonStock,dividendPayoutPreferredStock,proceedsFromIssuanceOfCommonStock,proceedsFromIssuanceOfLongTermDebtAndCapitalSecuritiesNet,proceedsFromIssuanceOfPreferredStock,proceedsFromRepurchaseOfEquity,proceedsFromSaleOfTreasuryStock,changeInCashAndCashEquivalents,changeInExchangeRate,netIncome_y
38,2009Q2,152.32126984126984,155.9761746031746,149.05257619047617,152.94190476190477,909057.1428571428,0.81,0.81,0,0,USD,1878000000,2131000000,253000000,515,261000000,191000000,None,768000000,4000000,-15000000,None,15000000,890000000,None,None,62000000,312000000,94000000,15000000,466000000,355000000,327000000,389000000,218000000,USD,20409000000,2305000000,2305000000,2305000000,134000000,None,12346000000,252000000,295000000,12094000000,6371000000,5723000000,957000000,None,None,None,None,7436000000,947000000,None,None,200000000,200000000,6118000000,None,695000000,None,None,895000000,1133000000,None,12745000000,0,2076000000,1000000,49915191,USD,400000000,None,None,None,None,62000000,17000000,None,None,244000000,-86000000,96000000,None,1000000,None,None,103000000,103000000,None,303000000,None,None,-1000000,None,512000000,102000000,218000000
39,2009Q3,193.440859375,196.3971703125,191.075084375,194.01484375,438368.75,1.75,1.58,0.17,10.7595,USD,2134000000,2354000000,220000000,563000000,357000000,161000000,None,783000000,4000000,-15000000,None,15000000,987000000,None,None,59000000,418000000,101000000,15000000,338000000,310000000,433000000,492000000,317000000,USD,21380000000,2763000000,2763000000,2763000000,143000000,None,12303000000,250000000,316000000,12053000000,6335000000,5718000000,1041000000,None,None,None,None,8079000000,200000000,None,None,200000000,200000000,6486000000,None,696000000,None,None,896000000,1403000000,None,13060000000,0,2286000000,1000000,50071926,USD,557000000,91000000,None,113000000,105000000,59000000,20000000,135000000,None,334000000,-7000000,-66000000,None,1000000,1000000,None,108000000,108000000,None,0,None,None,3000000,None,458000000,-26000000,317000000
40,2009Q4,227.3521875,230.0974046875,224.9120546875,227.48171875,313579.6875,2.1,1.93,0.17,8.8083,USD,1544000000,1544000000,337000000,-1079000000,389000000,274000000,None,1155000000,4000000,-23000000,None,23000000,1214000000,None,None,63000000,406000000,150000000,23000000,389000000,248000000,429000000,492000000,256000000,USD,178124000000,4708000000,4708000000,4708000000,167000000,None,30663000000,443000000,303000000,30346000000,17666000000,12680000000,1049000000,391000000,None,None,None,153522000000,21569000000,None,None,2234000000,2234000000,148392000000,None,3191000000,None,None,5425000000,1921000000,None,24329000000,3000000,2436000000,1000000,61896236,USD,568000000,98000000,None,14000000,-127000000,63000000,13000000,-65000000,None,257000000,-5530000000,6920000000,2034000000,5000000,5000000,None,106000000,81000000,None,2500000000,None,None,2498000000,None,1945000000,-13000000,256000000
41,2010Q1,222.06639344262294,224.1882049180328,219.04103442622952,221.59540983606556,389280.3278688525,2.39,2.1,0.29,13.8095,USD,3583000000,3938000000,355000000,873000000,654000000,289000000,None,1341000000,4000000,-40000000,None,40000000,1781000000,2000000,None,66000000,651000000,228000000,40000000,467000000,354000000,691000000,757000000,423000000,USD,168060000000,2703000000,2703000000,2703000000,237000000,None,30717000000,450000000,366000000,30267000000,17626000000,12641000000,1096000000,1096000000,None,None,None,143113000000,14297000000,None,None,880000000,880000000,140268000000,None,3191000000,None,None,4071000000,2044000000,117909000000,24648000000,3000000,2663000000,1000000,63360738,USD,-164000000,93000000,None,226000000,79000000,66000000,45000000,146000000,None,428000000,-30000000,-1755000000,-1354000000,114000000,114000000,None,196000000,196000000,None,1000000,None,None,-107000000,None,-2005000000,-56000000,423000000
42,2010Q2,176.7684126984127,179.0718253968254,173.69976190476189,175.86158730158732,657988.8888888889,2.4,2.45,-0.05,-2.0408,USD,3556000000,3963000000,407000000,806000000,697000000,340000000,None,1335000000,5000000,-38000000,None,38000000,1824000000,-75000000,None,67000000,665000000,233000000,38000000,394000000,411000000,703000000,770000000,432000000,USD,162266000000,2183000000,2183000000,2183000000,268000000,None,31432000000,433000000,372000000,30226000000,17586000000,12640000000,1463000000,761000000,None,None,None,137018000000,18748000000,None,None,444000000,444000000,134593000000,None,3191000000,None,None,3635000000,2075000000,107332000000,24954000000,-137000000,2902000000,1000000,63525823,USD,474000000,263000000,None,176000000,354000000,67000000,20000000,117000000,None,389000000,-372000000,-617000000,-436000000,3000000,3000000,None,193000000,193000000,None,1000000,None,None,-2000000,None,-520000000,-5000000,432000000
43,2010Q3,153.73421875,155.893084375,151.83968125,154.1190625,426535.9375,2.37,2.29,0.08,3.4934,USD,3744000000,4126000000,382000000,879000000,707000000,316000000,None,1385000000,10000000,-37000000,None,37000000,1823000000,78000000,None,66000000,752000000,201000000,37000000,594000000,642000000,789000000,855000000,551000000,USD,174504000000,2636000000,2636000000,2636000000,201000000,None,31465000000,429000000,393000000,30187000000,17546000000,12641000000,1512000000,846000000,None,None,None,148824000000,19081000000,None,None,100000000,100000000,146193000000,None,3191000000,None,None,3291000000,1297000000,118406000000,25400000000,124000000,3260000000,1000000,62759519,USD,1105000000,97000000,None,45000000,-84000000,66000000,30000000,58000000,None,584000000,-78000000,-632000000,-344000000,147000000,147000000,None,193000000,193000000,None,2000000,None,None,-144000000,None,453000000,58000000,551000000
44,2010Q4,174.17954375,175.950840625,172.4196875,174.4803125,1323246.875,2.75,2.46,0.29,11.7886,USD,2493000000,2493000000,582000000,106000000,940000000,409000000,None,1553000000,10000000,-35000000,None,35000000,1978000000,18000000,None,63000000,966000000,309000000,35000000,940000000,656000000,1001000000,1064000000,657000000,USD,178459000000,3367000000,3367000000,3367000000,131000000,None,31632000000,428000000,426000000,30317000000,17512000000,12805000000,1540000000,887000000,None,None,None,152125000000,17738000000,None,None,100000000,100000000,149380000000,None,3192000000,None,None,3292000000,1577000000,123006000000,26094000000,111000000,3723000000,1000000,131216561,USD,1073000000,276000000,None,-171000000,-83000000,25000000,37000000,-2000000,None,649000000,-147000000,-166000000,0,0,0,None,194000000,194000000,None,2000000,None,None,5000000,None,731000000,-29000000,657000000
45,2011Q1,195.55274193548388,197.36393548387096,192.9965193548387,195.30338709677417,814672.5806451613,3.42,2.9,0.52,17.931,USD,4100000000,4502000000,402000000,939000000,798000000,340000000,None,1484000000,9000000,-38000000,None,38000000,2012000000,15000000,None,62000000,817000000,249000000,38000000,614000000,612000000,855000000,917000000,568000000,USD,178422000000,2779000000,2779000000,2779000000,130000000,None,31618000000,479000000,460000000,30276000000,17472000000,12804000000,1528000000,863000000,None,None,None,151706000000,17236000000,None,None,None,17236000000,149776000000,None,3192000000,None,None,3255000000,564000000,123759000000,26479000000,2000000,4019000000,1000000,132268423,USD,-156000000,156000000,None,261000000,215000000,62000000,83000000,130000000,None,564000000,-15000000,-465000000,-100000000,106000000,106000000,None,272000000,272000000,None,1000000,None,None,-96000000,None,-588000000,48000000,568000000
46,2011Q2,194.43238095238095,195.91095238095238,192.34099047619048,194.0315873015873,999209.5238095238,2.96,2.77,0.19,6.8592,USD,4249000000,4653000000,404000000,924000000,866000000,345000000,None,1481000000,4000000,-41000000,None,41000000,2177000000,-24000000,None,59000000,839000000,220000000,41000000,622000000,631000000,880000000,939000000,619000000,USD,185048000000,2796000000,2796000000,2796000000,158000000,None,31615000000,521000000,0,30236000000,17434000000,12802000000,1598000000,858000000,1331000000,None,None,160378000000,18817000000,None,None,600000000,600000000,157753000000,None,4688000000,None,None,5288000000,897000000,128109000000,24424000000,-1000000,4390000000,1000000,135030826,USD,873000000,567000000,None,-186000000,42000000,59000000,76000000,-129000000,None,622000000,-89000000,-771000000,600000000,2548000000,2548000000,None,248000000,248000000,None,1000000,None,None,-2543000000,None,17000000,4000000,619000000
47,2011Q3,167.22703125,169.70826875,163.771678125,166.43046875,1004959.375,3,2.88,0.12,4.1667,USD,3953000000,4401000000,448000000,861000000,777000000,389000000,None,1448000000,12000000,-49000000,None,49000000,2063000000,-112000000,None,59000000,690000000,95000000,49000000,570000000,525000000,739000000,798000000,595000000,USD,174282000000,2983000000,2983000000,2983000000,141000000,None,31566000000,545000000,518000000,30192000000,17395000000,12797000000,1525000000,829000000,None,None,None,149343000000,19417000000,None,None,100000000,100000000,146944000000,None,4690000000,None,None,4790000000,2299000000,115978000000,24727000000,128000000,4736000000,1000000,139015436,USD,1236000000,194000000,None,109000000,-25000000,59000000,59000000,2000000,None,570000000,-82000000,-939000000,-500000000,129000000,129000000,None,249000000,249000000,None,1000000,None,None,-128000000,None,187000000,-28000000,595000000
48,2011Q4,161.67507460317458,164.12460476190475,159.1352253968254,161.74571428571429,843015.873015873,2.83,2.63,0.2,7.6046,USD,2195000000,2227000000,32000000,87000000,808000000,341000000,None,1419000000,9000000,-48000000,None,48000000,2132000000,7000000,None,-42000000,787000000,232000000,48000000,808000000,538000000,835000000,793000000,555000000,USD,179896000000,3506000000,3506000000,3506000000,267000000,None,31485000000,537000000,483000000,30148000000,17356000000,12792000000,1631000000,794000000,None,None,None,154534000000,21018000000,None,None,100000000,100000000,152106000000,None,4690000000,None,None,4790000000,1405000000,119592000000,25048000000,218000000,5046000000,1000000,138463135,USD,873000000,212000000,None,-219000000,-59000000,-42000000,29000000,-121000000,None,583000000,-18000000,-310000000,0,102000000,102000000,None,245000000,245000000,None,2000000,None,None,-97000000,None,523000000,-22000000,555000000
49,2012Q1,192.39774032258066,194.05627258064516,190.31112096774194,192.61822580645162,662027.4193548387,3.06,2.99,0.07,2.3411,USD,4087000000,4449000000,362000000,920000000,815000000,307000000,None,1434000000,9000000,-49000000,None,49000000,2076000000,23000000,None,55000000,835000000,263000000,49000000,575000000,609000000,884000000,939000000,572000000,USD,185518000000,2552000000,2552000000,2552000000,265000000,None,31846000000,545000000,514000000,30379000000,17480000000,12899000000,1951000000,922000000,None,None,None,159915000000,22442000000,None,None,100000000,100000000,156424000000,None,4690000000,None,None,4790000000,1844000000,123963000000,25303000000,104000000,5333000000,1000000,139560520,USD,-102000000,116000000,None,430000000,505000000,55000000,204000000,341000000,None,575000000,-487000000,-393000000,0,262000000,262000000,None,285000000,285000000,None,2000000,None,None,-221000000,None,-954000000,28000000,572000000
50,2012Q2,181.5157142857143,183.2358841269841,179.3574365079365,181.13015873015874,1377606.349206349,3.16,3.04,0.12,3.9474,USD,4029000000,4406000000,377000000,879000000,829000000,324000000,None,1400000000,8000000,-52000000,None,52000000,2051000000,-40000000,None,53000000,783000000,229000000,52000000,560000000,518000000,835000000,888000000,554000000,USD,182480000000,3595000000,3595000000,3595000000,169000000,None,31828000000,571000000,544000000,30329000000,17441000000,12888000000,1879000000,928000000,None,None,None,157558000000,22245000000,None,None,100000000,100000000,154120000000,None,6185000000,None,None,6285000000,1899000000,119542000000,24672000000,124000000,5627000000,2000000,167372756,USD,967000000,532000000,None,-200000000,-36000000,53000000,57000000,-290000000,None,560000000,-60000000,158000000,0,1043000000,1043000000,None,260000000,260000000,None,2000000,None,None,-1036000000,None,1043000000,-22000000,554000000
51,2012Q3,175.4268253968254,176.92754126984127,173.9604746031746,175.53666666666666,598598.4126984127,3.1,3.01,0.09,2.99,USD,4204000000,4583000000,379000000,94000000,875000000,327000000,None,1445000000,10000000,-57000000,None,57000000,2146000000,30000000,None,52000000,892000000,250000000,57000000,655000000,710000000,949000000,1001000000,642000000,USD,192828000000,4223000000,4223000000,4223000000,124000000,None,31784000000,560000000,564000000,30350000000,17442000000,12908000000,1864000000,874000000,None,None,None,167519000000,22662000000,None,None,100000000,100000000,162921000000,None,6186000000,None,None,6286000000,9000000,128013000000,25057000000,274000000,6010000000,2000000,167102878,USD,1021000000,305000000,None,364000000,425000000,52000000,-140000000,421000000,None,655000000,-4000000,-426000000,0,170000000,170000000,None,259000000,259000000,None,2000000,None,None,-165000000,None,628000000,37000000,642000000
52,2012Q4,192.7134677419355,194.4989306451613,191.2685370967742,192.9174193548387,775251.6129032258,3.47,3.32,0.15,4.5181,USD,2539000000,2539000000,453000000,1093000000,1005000000,401000000,None,1534000000,9000000,-57000000,None,57000000,2333000000,-67000000,None,-31000000,978000000,288000000,57000000,1005000000,689000000,1035000000,1004000000,690000000,USD,200451000000,4606000000,4606000000,4606000000,270000000,None,31608000000,557000000,572000000,30312000000,17402000000,12910000000,1750000000,715000000,None,None,None,174834000000,23121000000,None,None,100000000,100000000,173665000000,None,5687000000,None,None,5787000000,14000000,134768000000,25403000000,432000000,6444000000,2000000,168875304,USD,354000000,224000000,None,-317000000,72000000,-31000000,29000000,-176000000,None,650000000,285000000,-283000000,0,170000000,170000000,None,256000000,256000000,None,1000000,None,None,-169000000,None,383000000,27000000,690000000
53,2013Q1,238.33083333333335,240.49626166666667,236.63195166666668,238.88616666666667,827821.6666666666,3.96,3.73,0.23,6.1662,USD,4461000000,4844000000,383000000,1169000000,909000000,331000000,None,1540000000,6000000,-54000000,None,54000000,2254000000,41000000,None,52000000,916000000,284000000,54000000,666000000,525000000,970000000,1022000000,632000000,USD,200738000000,3942000000,4606000000,3942000000,305000000,None,31420000000,529000000,593000000,30266000000,17362000000,12904000000,1711000000,625000000,None,None,None,175071000000,20939000000,None,None,None,100000000,173414000000,None,5687000000,None,None,8019000000,602000000,137302000000,25345000000,523000000,6767000000,2000000,168967457,USD,190000000,102000000,None,592000000,321000000,52000000,18000000,376000000,63000000,666000000,31000000,-805000000,-100000000,461000000,461000000,None,309000000,309000000,None,1000000,None,None,-455000000,None,-664000000,-80000000,632000000
54,2013Q2,267.9665625,270.9801921875,264.36878125,267.90453125,844848.4375,3.65,3.58,0.07,1.9553,USD,2110000000,2627000000,517000000,1128000000,849000000,465000000,None,1633000000,4000000,-53000000,None,53000000,2284000000,69000000,None,52000000,941000000,212000000,53000000,706000000,697000000,994000000,1046000000,729000000,USD,193745000000,3668000000,3668000000,3668000000,425000000,None,31412000000,524000000,614000000,30221000000,17322000000,12899000000,1773000000,667000000,None,None,None,167920000000,19426000000,None,None,None,19426000000,166649000000,None,4938000000,None,None,7083000000,948000000,132846000000,25589000000,750000000,7210000000,2000000,168150018,USD,1140000000,492000000,None,-353000000,-114000000,52000000,28000000,-361000000,-195000000,706000000,-21000000,-1388000000,0,254000000,254000000,None,286000000,286000000,None,2000000,None,None,-242000000,None,-274000000,-5000000,729000000
55,2013Q3,271.59328125,273.929071875,269.180921875,271.65890625,640384.375,4.15,3.82,0.33,8.6387,USD,2236000000,2624000000,388000000,1132000000,966000000,334000000,None,1506000000,8000000,-52000000,None,52000000,2268000000,-18000000,None,54000000,949000000,219000000,52000000,729000000,849000000,1001000000,1055000000,730000000,USD,212717000000,3987000000,3987000000,3987000000,505000000,None,31660000000,523000000,649000000,30451000000,17513000000,12938000000,1878000000,686000000,None,None,None,186531000000,3322000000,None,None,None,None,183209000000,None,4938000000,None,None,7006000000,1322000000,146646000000,25999000000,993000000,7653000000,2000000,167277854,USD,1146000000,277000000,None,2041000000,2198000000,54000000,14000000,2046000000,-154000000,729000000,-285000000,-619000000,0,269000000,269000000,None,287000000,287000000,None,2000000,None,None,-267000000,None,319000000,77000000,730000000
56,2013Q4,298.1678125,301.01663125,295.5689671875,298.51625,553260.296875,3.88,3.88,0,0,USD,2777000000,2777000000,380000000,1193000000,1133000000,410000000,None,1644000000,4000000,-52000000,None,52000000,2567000000,24000000,None,-30000000,1148000000,307000000,52000000,1133000000,885000000,1200000000,1170000000,841000000,USD,219873000000,4390000000,4390000000,4390000000,486000000,None,31822000000,525000000,611000000,30481000000,17501000000,12980000000,2151000000,816000000,486000000,None,None,193203000000,1084000000,None,None,None,0,192119000000,None,4939000000,None,5284000000,4939000000,1747000000,155113000000,26460000000,1210000000,8208000000,2000000,166589688,USD,850000000,395000000,None,-2193000000,-2109000000,55000000,34000000,-2075000000,56000000,850000000,-208000000,-580000000,0,259000000,259000000,None,286000000,286000000,None,2000000,None,None,-244000000,None,403000000,25000000,841000000
57,2014Q1,306.09950819672133,308.8910786885246,302.9909213114754,305.65016393442625,776042.6229508197,4.92,4.33,0.59,13.6259,USD,2450000000,2819000000,369000000,1265000000,1051000000,313000000,None,1619000000,10000000,-53000000,None,53000000,2468000000,17000000,None,56000000,1080000000,324000000,53000000,744000000,756000000,1133000000,1189000000,756000000,USD,216297000000,4394000000,4394000000,4394000000,569000000,None,31734000000,508000000,641000000,30434000000,17459000000,12975000000,2092000000,792000000,None,None,None,189596000000,1615000000,None,None,None,0,187981000000,None,5936000000,None,None,5936000000,668000000,155097000000,26478000000,1180000000,8598000000,2000000,167003034,USD,-206000000,201000000,None,428000000,801000000,56000000,15000000,624000000,-270000000,744000000,133000000,64000000,0,575000000,575000000,None,366000000,366000000,None,1000000,997000000,None,-574000000,None,4000000,13000000,756000000
58,2014Q2,306.5930158730159,308.8932523809524,303.75778888888885,306.49380952380955,583414.2857142857,4.43,4.11,0.32,7.7859,USD,4999000000,5431000000,432000000,1238000000,1122000000,377000000,None,1656000000,3000000,-60000000,None,60000000,2567000000,16000000,None,55000000,1105000000,297000000,60000000,841000000,844000000,1165000000,1220000000,808000000,USD,231693000000,5578000000,5127000000,5578000000,451000000,None,31766000000,496000000,671000000,30389000000,17418000000,12971000000,2095000000,881000000,451000000,None,None,204627000000,3091000000,None,None,None,0,201536000000,None,5936000000,None,None,5936000000,1079000000,161499000000,26881000000,1416000000,9080000000,2000000,166228240,USD,841000000,595000000,None,1506000000,1505000000,55000000,19000000,1340000000,-149000000,841000000,-39000000,9000000,0,257000000,257000000,None,326000000,326000000,None,0,0,None,-258000000,None,733000000,31000000,808000000
59,2014Q3,321.79421875,324.06718125,319.644453125,321.83734375,564233.203125,4.89,4.46,0.43,9.6413,USD,5141000000,5571000000,430000000,1276000000,1157000000,376000000,None,1692000000,10000000,-61000000,None,61000000,2618000000,-52000000,None,54000000,1149000000,232000000,61000000,873000000,747000000,1210000000,1264000000,917000000,USD,222812000000,6626000000,6149000000,6626000000,477000000,None,31566000000,468000000,680000000,30344000000,17378000000,12966000000,1951000000,754000000,477000000,None,None,195528000000,1576000000,None,None,None,0,193952000000,None,5937000000,None,None,5937000000,1487000000,178416000000,27106000000,1657000000,9673000000,2000000,165475182,USD,873000000,336000000,None,-1451000000,-1552000000,54000000,6000000,-1538000000,101000000,873000000,163000000,216000000,0,256000000,256000000,None,324000000,324000000,None,0,409000000,None,-256000000,None,1022000000,-89000000,917000000
60,2014Q4,341.64359375,344.523928125,338.75775,341.6796875,558482.5625,5.21,4.66,0.55,11.8026,USD,2784000000,2784000000,339000000,1218000000,1144000000,387000000,None,1640000000,6000000,-58000000,None,58000000,2556000000,-60000000,None,-48000000,1091000000,278000000,58000000,1144000000,709000000,1149000000,1101000000,813000000,USD,239792000000,6259000000,5723000000,6259000000,536000000,None,31501000000,467000000,587000000,30305000000,17344000000,12961000000,1921000000,729000000,536000000,33718000000,None,212272000000,1035000000,None,None,None,0,211253000000,None,3389000000,750000000,5309000000,4938000000,1865000000,195827000000,27366000000,1894000000,10164000000,2000000,164786788,USD,806000000,311000000,None,-565000000,-415000000,48000000,26000000,-504000000,-112000000,806000000,-18000000,-1592000000,0,256000000,256000000,None,322000000,322000000,None,0,0,None,-252000000,None,-426000000,-87000000,813000000
61,2015Q1,362.29491803278694,365.6401213114754,359.2062639344262,362.4131147540984,546972.4426229508,4.82,4.67,0.15,3.212,USD,4947000000,5334000000,387000000,1282000000,1067000000,339000000,None,1656000000,4000000,-51000000,None,51000000,2515000000,51000000,None,48000000,1080000000,258000000,51000000,860000000,656000000,1131000000,1179000000,822000000,USD,242714000000,5162000000,4277000000,5162000000,869000000,None,31693000000,537000000,605000000,30404000000,17429000000,12975000000,2204000000,752000000,869000000,None,None,215058000000,1714000000,None,None,None,0,213344000000,None,4938000000,None,None,4938000000,684000000,198499000000,27375000000,1927000000,10597000000,2000000,164949507,USD,89000000,173000000,None,744000000,1177000000,48000000,98000000,750000000,-337000000,825000000,-99000000,-748000000,0,498000000,498000000,None,389000000,389000000,None,0,0,None,-498000000,None,-1446000000,-93000000,822000000
62,2015Q2,364.9690476190476,367.29531587301585,362.1430190476191,364.52698412698413,511960.14285714284,4.89,4.52,0.37,8.1858,USD,5399000000,5758000000,359000000,1320000000,1238000000,312000000,None,1667000000,5000000,-52000000,None,52000000,2683000000,-41000000,None,47000000,1190000000,371000000,52000000,826000000,919000000,1242000000,1289000000,819000000,USD,237008000000,5567000000,4907000000,5567000000,660000000,None,31506000000,545000000,635000000,30364000000,17394000000,12970000000,1436000000,597000000,660000000,None,None,208878000000,1284000000,None,None,None,0,207594000000,None,4947000000,None,None,4947000000,1137000000,201538000000,27776000000,2191000000,11052000000,2000000,164244192,USD,826000000,-74000000,None,-408000000,-208000000,47000000,36000000,-497000000,-276000000,826000000,-6000000,-443000000,0,279000000,279000000,None,364000000,364000000,None,0,787000000,None,-279000000,None,630000000,77000000,819000000
63,2015Q3,323.55828125,325.9789828125,319.8006671875,322.619375,800562.828125,4.96,4.8,0.16,3.3333,USD,3087000000,3452000000,365000000,1335000000,1222000000,319000000,None,1688000000,12000000,-50000000,None,50000000,360000000,16000000,None,46000000,1185000000,342000000,50000000,832000000,774000000,1235000000,1281000000,843000000,USD,222216000000,6081000000,5673000000,6081000000,628000000,None,31075000000,543000000,624000000,30325000000,17360000000,12965000000,548000000,207000000,408000000,None,None,193735000000,1343000000,None,None,None,None,192392000000,None,0,None,733000000,0,1561000000,180763000000,28136000000,2318000000,11533000000,2000000,163922010,USD,832000000,40000000,None,165000000,157000000,46000000,26000000,208000000,162000000,832000000,-37000000,-509000000,0,276000000,276000000,None,362000000,362000000,None,0,0,None,-197000000,None,766000000,-39000000,843000000
64,2015Q4,339.53,343.1783703125,336.16971875,340.06375,749841.5625,5,4.57,0.43,9.4092,USD,2863000000,2863000000,384000000,1292000000,1137000000,410000000,None,1726000000,5000000,-51000000,None,51000000,106000000,58000000,None,-26000000,1140000000,279000000,51000000,1137000000,821000000,1191000000,1165000000,861000000,USD,225261000000,885000000,6083000000,885000000,785000000,None,31363000000,581000000,570000000,30495000000,17372000000,13123000000,1578000000,222000000,785000000,31401000000,None,196217000000,1068000000,None,None,None,4930000000,195149000000,None,4930000000,4930000000,5200000000,4930000000,1971000000,183220000000,28503000000,2489000000,12033000000,2000000,163461064,USD,869000000,55000000,None,-280000000,-265000000,35000000,61000000,-307000000,-49000000,869000000,-323000000,-364000000,0,278000000,278000000,None,361000000,361000000,None,0,0,None,-231000000,None,410000000,-60000000,861000000
65,2016Q1,316.48803278688524,320.6934180327869,311.99774590163935,317.06590163934425,916062.1475409836,4.75,4.8,-0.05,-1.0417,USD,3548000000,3977000000,429000000,1242000000,963000000,318000000,None,1661000000,5000000,-51000000,None,51000000,1184000000,3000000,None,35000000,925000000,268000000,51000000,647000000,631000000,976000000,1011000000,657000000,USD,222958000000,4985000000,4981000000,4985000000,722000000,None,31270000000,581000000,592000000,30466000000,17347000000,13119000000,1256000000,223000000,4000000,None,None,193972000000,1385000000,None,None,None,None,192587000000,None,744000000,None,752000000,744000000,672000000,182010000000,28394000000,2432000000,12271000000,2000000,163587221,USD,422000000,41000000,None,572000000,413000000,35000000,30000000,270000000,103000000,647000000,46000000,-547000000,0,562000000,562000000,None,419000000,419000000,None,0,0,None,-562000000,None,-1102000000,-36000000,657000000
66,2016Q2,350.8690625,354.1614796875,348.08526875,351.40421875,586641.65625,4.25,4.29,-0.04,-0.9324,USD,1899000000,2249000000,350000000,1290000000,1173000000,316000000,None,1631000000,6000000,-51000000,None,51000000,1278000000,26000000,None,34000000,1142000000,353000000,51000000,795000000,703000000,1193000000,1227000000,789000000,USD,222055000000,627000000,5065000000,627000000,685000000,None,31363000000,576000000,621000000,30540000000,17412000000,13128000000,1184000000,247000000,548000000,None,None,192900000000,1615000000,None,None,None,None,191285000000,None,5392000000,None,744000000,5392000000,1064000000,180372000000,28568000000,2690000000,12684000000,2000000,162876449,USD,795000000,94000000,None,14000000,590000000,34000000,37000000,354000000,-461000000,795000000,-20000000,-263000000,0,279000000,279000000,None,376000000,376000000,None,0,0,None,-279000000,None,84000000,-100000000,789000000
67,2016Q3,363.541875,366.092071875,361.1015984375,363.8546875,528030.921875,4.78,4.78,0,0,USD,5267000000,5612000000,345000000,1291000000,1209000000,312000000,None,1628000000,22000000,-52000000,None,52000000,2604000000,53000000,None,33000000,1208000000,333000000,52000000,877000000,837000000,1260000000,1293000000,875000000,USD,226739000000,6120000000,5454000000,6120000000,666000000,None,31075000000,564000000,631000000,30511000000,17387000000,13124000000,1731000000,1731000000,666000000,None,None,197178000000,1354000000,None,None,None,None,195824000000,None,4961000000,None,5403000000,4961000000,1481000000,184550000000,28904000000,2919000000,13183000000,2000000,162271222,USD,877000000,51000000,None,-260000000,-275000000,33000000,21000000,-288000000,-17000000,877000000,-269000000,-370000000,0,277000000,277000000,None,376000000,376000000,None,0,0,None,-251000000,None,389000000,-32000000,875000000
68,2016Q4,367.1768253968254,369.7101873015873,363.9280174603175,366.74063492063493,740729.4285714285,5.14,5,0.14,2.8,USD,2890000000,2890000000,377000000,1286000000,1225000000,355000000,None,2776000000,7000000,-51000000,None,51000000,2615000000,13000000,None,22000000,1186000000,335000000,51000000,1225000000,729000000,1237000000,1259000000,851000000,USD,220177000000,6716000000,6091000000,6716000000,625000000,None,31040000000,559000000,601000000,30481000000,17363000000,13118000000,1595000000,1595000000,625000000,27851000000,None,190833000000,1094000000,None,None,None,4915000000,189739000000,None,4915000000,4915000000,5200000000,4915000000,1880000000,178104000000,29098000000,3185000000,13660000000,2000000,161534443,USD,-988000000,56000000,None,-328000000,-63000000,31000000,31000000,-250000000,-257000000,851000000,-128000000,-505000000,0,281000000,281000000,None,374000000,374000000,None,0,0,None,-281000000,None,637000000,-105000000,851000000
69,2017Q1,382.39580645161294,384.8485096774194,379.8709403225806,382.52532258064514,549524.5483870967,5.14,5.02,0.12,2.3904,USD,5245000000,5576000000,331000000,1351000000,1143000000,301000000,None,1949000000,7000000,-65000000,None,65000000,2600000000,58000000,None,30000000,1127000000,268000000,65000000,871000000,898000000,1192000000,1222000000,859000000,USD,230586000000,6623000000,5703000000,6623000000,920000000,None,30997000000,546000000,636000000,30451000000,17338000000,13113000000,1857000000,1857000000,920000000,None,None,201071000000,2000000000,None,None,None,None,199071000000,None,5619000000,None,5888000000,5619000000,769000000,187653000000,29156000000,3171000000,14073000000,2000000,161798937,USD,313000000,40000000,None,965000000,1158000000,30000000,19000000,869000000,-238000000,868000000,-49000000,-180000000,0,562000000,562000000,None,447000000,447000000,None,0,697000000,None,-562000000,None,-388000000,32000000,859000000
70,2017Q2,398.53,401.2003571428572,396.06650476190475,398.8438095238095,575058.1746031746,4.76,4.89,-0.13,-2.6585,USD,5498000000,5877000000,379000000,1348000000,1237000000,350000000,None,1999000000,13000000,-48000000,None,48000000,2723000000,49000000,None,29000000,1228000000,374000000,48000000,867000000,956000000,1276000000,1305000000,854000000,USD,217488000000,6227000000,5508000000,6227000000,719000000,None,31171000000,549000000,671000000,30622000000,17423000000,13199000000,1942000000,1942000000,719000000,26321000000,None,187601000000,1520000000,None,None,None,4970000000,186081000000,None,4970000000,4970000000,5225000000,4970000000,1140000000,174990000000,29555000000,3433000000,14523000000,2000000,161137506,USD,526000000,82000000,None,-106000000,-97000000,29000000,36000000,-266000000,189000000,864000000,-333000000,-1283000000,0,284000000,284000000,None,407000000,407000000,None,0,0,None,-284000000,None,-195000000,70000000,854000000
71,2017Q3,426.7846031746032,429.3553857142857,424.2146714285714,426.82142857142856,473359.6349206349,5.24,5.4,-0.16,-2.963,USD,6021000000,6415000000,394000000,1449000000,1389000000,363000000,None,2119000000,15000000,-46000000,None,46000000,2983000000,56000000,None,31000000,1387000000,443000000,46000000,959000000,1046000000,1433000000,1464000000,944000000,USD,220567000000,6857000000,6165000000,6857000000,692000000,None,31197000000,571000000,708000000,30626000000,17400000000,13226000000,1928000000,1928000000,692000000,27485000000,None,190150000000,1652000000,None,None,None,5000000000,188498000000,None,5000000000,5000000000,5248000000,5000000000,1614000000,176918000000,30042000000,3697000000,15065000000,2000000,160528060,USD,1360000000,28000000,None,-144000000,50000000,31000000,45000000,173000000,-166000000,956000000,-129000000,-620000000,0,287000000,287000000,None,405000000,405000000,None,0,0,None,-287000000,None,657000000,59000000,944000000
72,2017Q4,485.94444444444446,489.1849571428572,482.5682968253968,486.08857142857147,463193.3333333333,5.92,5.56,0.36,6.4748,USD,3469000000,3469000000,490000000,1817000000,1485000000,448000000,None,2279000000,14000000,-46000000,None,46000000,3181000000,47000000,None,42000000,1480000000,-815000000,46000000,1489000000,2336000000,1526000000,1568000000,2295000000,USD,220241000000,7729000000,6894000000,7729000000,835000000,None,31201000000,592000000,658000000,30609000000,17389000000,13220000000,1981000000,1981000000,835000000,24246000000,None,187977000000,1161000000,None,None,None,5014000000,186765000000,None,5014000000,5014000000,5200000000,5014000000,2153000000,176060000000,31798000000,3967000000,16966000000,2000000,159977115,USD,1410000000,59000000,None,-188000000,-156000000,16000000,55000000,-255000000,None,2301000000,-97000000,-547000000,0,288000000,288000000,None,403000000,403000000,None,0,0,None,-288000000,None,729000000,31000000,2295000000
73,2018Q1,549.3911475409836,555.6504918032787,542.468524590164,548.9473770491803,630259.6885245901,6.24,6.02,0.22,3.6545,USD,6726000000,7120000000,394000000,1814000000,1375000000,383000000,None,2208000000,15000000,-46000000,None,46000000,3328000000,30000000,None,11000000,1354000000,265000000,46000000,1094000000,1226000000,1400000000,1411000000,1089000000,USD,216017000000,6271000000,5978000000,6271000000,293000000,None,31184000000,589000000,698000000,30595000000,17378000000,13217000000,2050000000,2050000000,293000000,27309000000,None,183434000000,1421000000,None,None,None,5036000000,182013000000,None,5036000000,5036000000,5134000000,5036000000,788000000,172673000000,31978000000,4108000000,17529000000,2000000,160308362,USD,-141000000,29000000,None,716000000,460000000,11000000,33000000,-35000000,-47000000,1094000000,-53000000,-874000000,0,719000000,719000000,None,505000000,505000000,None,0,0,None,-719000000,None,467000000,None,1089000000
74,2018Q2,529.44515625,533.8284375,523.705,528.479375,555979.75,6.7,6.39,0.31,4.8513,USD,5678000000,7164000000,1486000000,1761000000,1440000000,393000000,None,2165000000,19000000,-46000000,None,46000000,3605000000,22000000,None,11000000,1411000000,338000000,46000000,1078000000,799000000,1457000000,1468000000,1073000000,USD,195549000000,7268000000,6599000000,7268000000,249000000,None,31163000000,581000000,728000000,30582000000,17367000000,13215000000,1813000000,1813000000,669000000,22977000000,None,162679000000,1216000000,None,None,None,4994000000,161463000000,None,4994000000,4994000000,5065000000,4994000000,22960000000,151773000000,32130000000,4388000000,18138000000,2000000,159812950,USD,1428000000,65000000,None,-397000000,-396000000,11000000,30000000,-43000000,197000000,1078000000,-89000000,-599000000,0,321000000,321000000,None,464000000,464000000,None,0,0,None,-321000000,None,1078000000,None,1073000000
75,2018Q3,486.70936507936506,490.1847619047619,482.45768253968254,486.1220634920635,608485.4603174604,6.66,6.55,0.11,1.6794,USD,5583000000,7106000000,1523000000,1754000000,1396000000,413000000,None,2180000000,29000000,-46000000,None,46000000,3576000000,79000000,None,13000000,1442000000,226000000,46000000,1203000000,1175000000,1488000000,1501000000,1216000000,USD,174862000000,7042000000,6358000000,7042000000,176000000,None,31968000000,588000000,765000000,31380000000,17854000000,13526000000,1760000000,1760000000,684000000,19628000000,None,141789000000,6394000000,None,None,None,4991000000,135395000000,None,4991000000,4994000000,5033000000,4991000000,19575000000,129671000000,32415000000,4871000000,18852000000,2000000,158837718,USD,1265000000,29000000,None,284000000,-29000000,13000000,45000000,83000000,259000000,1203000000,-558000000,-820000000,0,515000000,515000000,None,502000000,502000000,None,0,0,None,-515000000,None,1203000000,None,1216000000
76,2018Q4,410.9065079365079,416.2407142857143,404.3685873015873,409.61269841269836,948457.1428571428,7.52,6.84,0.68,9.9415,USD,3374000000,3434000000,60000000,1664000000,1246000000,449000000,None,2188000000,41000000,-46000000,None,46000000,3434000000,-26000000,None,119000000,1174000000,247000000,46000000,1246000000,852000000,1220000000,1339000000,927000000,USD,159573000000,7019000000,6488000000,7019000000,None,None,32008000000,643000000,750000000,31365000000,17839000000,13526000000,4476000000,1796000000,717000000,20672000000,None,126033000000,1292000000,None,None,None,None,124741000000,None,5000000000,None,5000000000,4979000000,20996000000,112829000000,32374000000,5387000000,19282000000,2000000,157553501,USD,523000000,54000000,None,-280000000,216000000,15000000,96000000,-9000000,-384000000,927000000,-108000000,-472000000,0,532000000,532000000,None,497000000,497000000,None,0,0,None,-532000000,None,927000000,None,927000000
77,2019Q1,419.4108196721312,422.9987983606557,415.4825081967213,419.53557377049185,641799.737704918,6.08,6.27,-0.19,-3.0303,USD,5179000000,6646000000,1467000000,1710000000,1233000000,388000000,None,2113000000,29000000,-46000000,29000000,46000000,3346000000,171000000,None,15000000,1351000000,298000000,46000000,1060000000,1121000000,1397000000,1412000000,1053000000,USD,165008000000,4663000000,3891000000,4663000000,None,None,32004000000,656000000,794000000,31348000000,17824000000,13524000000,1917000000,1917000000,772000000,20830000000,None,132637000000,6191000000,None,None,None,4966000000,126446000000,None,4966000000,4966000000,5131000000,4966000000,20791000000,121449000000,31309000000,6676000000,19779000000,2000000,154500315,USD,-225000000,56000000,None,103000000,186000000,15000000,58000000,99000000,72000000,1060000000,-118000000,-2112000000,0,1788000000,1788000000,None,556000000,556000000,None,0,0,None,-1788000000,None,-2455000000,None,1053000000
78,2019Q2,451.7554761904762,455.50789682539687,448.08958095238097,452.3488888888889,507722.3650793651,6.61,6.13,0.48,7.8303,USD,5418000000,6996000000,1578000000,1751000000,1278000000,470000000,None,2246000000,20000000,-52000000,20000000,52000000,3524000000,109000000,None,25000000,1325000000,322000000,52000000,1013000000,962000000,1377000000,1402000000,1003000000,USD,163347000000,4637000000,3920000000,4637000000,None,None,34293000000,659000000,836000000,32988000000,18477000000,14511000000,1989000000,1989000000,717000000,18485000000,None,130687000000,1277000000,None,None,None,None,129410000000,None,5964000000,None,6257000000,5964000000,18446000000,117899000000,31893000000,6659000000,20267000000,2000000,154543673,USD,922000000,149000000,None,51000000,310000000,25000000,47000000,32000000,-267000000,1013000000,-1545000000,604000000,0,7000000,7000000,None,515000000,515000000,None,0,0,None,-7000000,None,1013000000,None,1003000000
79,2019Q3,445.82234375,449.1415625,441.3109375,445.31796875,578072.234375,6.41,6.5,-0.09,-1.3846,USD,5806000000,7330000000,1524000000,1777000000,1502000000,385000000,None,2190000000,19000000,-54000000,19000000,54000000,3692000000,12000000,None,28000000,1460000000,341000000,54000000,1119000000,999000000,1514000000,1542000000,1119000000,USD,163872000000,5229000000,4476000000,5229000000,None,None,34245000000,669000000,876000000,32959000000,18407000000,14552000000,2117000000,2117000000,753000000,18738000000,None,130268000000,1252000000,None,None,None,None,129016000000,None,5932000000,None,6257000000,5932000000,18699000000,117076000000,32407000000,6742000000,20873000000,2000000,154349915,USD,931000000,74000000,None,-65000000,248000000,28000000,55000000,199000000,-69000000,1119000000,-444000000,139000000,0,109000000,109000000,None,513000000,513000000,None,0,0,None,-109000000,None,1119000000,None,1119000000
80,2019Q4,473.92125,477.32609375,470.7353125,474.42734375,473071.953125,7.15,6.96,0.19,2.7299,USD,3977000000,3977000000,1841000000,1895000000,1538000000,515000000,None,2439000000,29000000,-51000000,29000000,51000000,3977000000,147000000,None,114000000,1601000000,300000000,51000000,1538000000,1514000000,1652000000,1766000000,1301000000,USD,168622000000,8004000000,4829000000,8004000000,None,None,34315000000,715000000,880000000,32931000000,18369000000,14562000000,5489000000,5489000000,3175000000,15506000000,None,133693000000,1167000000,None,None,None,None,132526000000,None,4955000000,None,5300000000,4955000000,15759000000,121780000000,33547000000,6732000000,21662000000,2000000,154375780,USD,1256000000,109000000,None,-442000000,-431000000,29000000,94000000,103000000,None,1334000000,93000000,-1214000000,0,7000000,7000000,None,512000000,512000000,None,0,0,None,-7000000,None,1334000000,None,1301000000
81,2020Q1,491.37612903225806,501.0443693548387,483.04338709677415,492.72112903225803,968400.0161290322,8.34,7.69,0.65,8.4525,USD,5070000000,7374000000,2304000000,1859000000,684000000,1142000000,None,3026000000,15000000,-46000000,15000000,46000000,3710000000,-25000000,None,25000000,792000000,-14000000,46000000,627000000,567000000,838000000,863000000,806000000,USD,149020000000,7388000000,4406000000,7388000000,None,None,34279000000,714000000,923000000,32903000000,18344000000,14559000000,5240000000,5240000000,2982000000,14980000000,None,114510000000,982000000,None,None,None,None,113528000000,None,5933000000,None,6147000000,5933000000,14786000000,103127000000,33013000000,6936000000,21872000000,2000000,154262618,USD,-938000000,67000000,None,1265000000,1542000000,25000000,52000000,5000000,None,627000000,-34000000,628000000,0,657000000,657000000,None,596000000,596000000,None,0,999000000,None,-657000000,None,-344000000,None,806000000
82,2020Q2,505.0320634920635,512.4115873015874,496.9334920634921,504.9252380952381,1379572.492063492,6.6,6.36,0.24,3.7736,USD,5678000000,7245000000,1567000000,1827000000,1406000000,388000000,None,2242000000,10000000,-51000000,10000000,51000000,3648000000,408000000,None,27000000,1575000000,361000000,51000000,1402000000,1243000000,1626000000,1653000000,1214000000,USD,157342000000,8303000000,5466000000,8303000000,None,None,34233000000,697000000,979000000,32873000000,18317000000,14556000000,5171000000,5171000000,2837000000,14392000000,None,123308000000,914000000,None,None,None,None,122394000000,None,7190000000,None,7787000000,7190000000,14397000000,110351000000,32730000000,8030000000,22532000000,2000000,152460239,USD,1707000000,99000000,None,-976000000,-959000000,27000000,48000000,-125000000,None,1402000000,-124000000,-522000000,0,1125000000,1125000000,None,554000000,554000000,None,0,1246000000,None,-1125000000,None,1402000000,None,1214000000
83,2020Q3,571.01,576.3646546875,565.413221875,570.55296875,615924.6875,7.85,6.99,0.86,12.3033,USD,6785000000,8684000000,1899000000,2124000000,1757000000,461000000,None,2612000000,9000000,-54000000,224000000,54000000,4369000000,278000000,None,27000000,1828000000,464000000,54000000,1517000000,1544000000,1882000000,1909000000,1364000000,USD,165118000000,10418000000,6507000000,10418000000,None,None,34183000000,693000000,1040000000,32844000000,18290000000,14554000000,6307000000,6307000000,3911000000,15358000000,None,129102000000,988000000,None,None,None,None,128114000000,None,7227000000,None,7857000000,7227000000,-3742000000,115298000000,33873000000,8018000000,23340000000,2000000,152496403,USD,995000000,-52000000,None,161000000,672000000,27000000,40000000,664000000,None,1517000000,-19000000,0,0,10000000,10000000,None,556000000,556000000,None,0,0,None,-10000000,None,1517000000,None,1364000000
84,2020Q4,663.07421875,669.7494109375,656.43451875,663.1634375,596761.25,9.22,7.8,1.42,18.2051,USD,16337000000,18305000000,1968000000,2129000000,1848000000,474000000,None,2630000000,28000000,-54000000,28000000,54000000,4478000000,373000000,None,153000000,1975000000,427000000,54000000,1740000000,1812000000,2029000000,2182000000,1548000000,USD,176982000000,12945000000,8664000000,12945000000,None,None,34144000000,681000000,1098000000,32814000000,18263000000,14551000000,6919000000,6919000000,4281000000,16692000000,None,139326000000,1028000000,None,None,None,4966000000,138298000000,None,7264000000,None,7900000000,7264000000,-3673000000,124862000000,35283000000,8009000000,24334000000,2000000,152532885,USD,1979000000,223000000,None,-555000000,-1042000000,27000000,54000000,-231000000,None,1740000000,-77000000,138000000,0,17000000,17000000,None,554000000,554000000,None,0,0,None,-17000000,None,2040000000,None,1548000000
85,2021Q1,725.5572131147541,733.5534409836065,717.2377852459016,725.4086885245902,717009.393442623,10.18,9.14,1.04,11.3786,USD,6713000000,8741000000,2028000000,2234000000,1545000000,585000000,None,2853000000,19000000,-55000000,19000000,55000000,4398000000,101000000,None,34000000,1517000000,318000000,55000000,1273000000,1125000000,1572000000,1606000000,1199000000,USD,173859000000,10442000000,6267000000,10442000000,None,None,35164000000,671000000,1150000000,33864000000,18516000000,15348000000,7145000000,7145000000,4175000000,15711000000,None,136019000000,1196000000,None,None,None,None,134823000000,None,7232000000,None,7553000000,7232000000,1196000000,122720000000,35380000000,8204000000,24872000000,2000000,152635930,USD,-573000000,40000000,None,853000000,960000000,34000000,48000000,311000000,49000000,1273000000,-1150000000,-591000000,0,568000000,568000000,None,661000000,661000000,None,0,0,None,-568000000,None,-2314000000,None,1199000000
86,2021Q2,843.9692063492063,850.8812904761904,837.5167936507936,844.6212698412699,533177.7936507936,7.77,7.64,0.13,1.7016,USD,7542000000,9588000000,2046000000,2391000000,1931000000,461000000,None,2889000000,8000000,-52000000,8000000,52000000,4820000000,322000000,None,37000000,2032000000,654000000,52000000,1547000000,1401000000,2084000000,2121000000,1378000000,USD,176962000000,10401000000,6416000000,10401000000,None,None,35230000000,741000000,1211000000,33876000000,18514000000,15362000000,7595000000,7595000000,3985000000,16170000000,None,138572000000,1238000000,None,None,None,None,137334000000,None,6491000000,None,6909000000,6491000000,1238000000,125232000000,36033000000,8498000000,25620000000,2000000,152298784,USD,1826000000,41000000,None,192000000,572000000,37000000,130000000,-47000000,None,1547000000,-285000000,-1475000000,0,305000000,305000000,None,630000000,630000000,None,0,0,None,-305000000,None,1547000000,None,1378000000
87,2021Q3,896.4653125,903.43334375,888.9390140625,896.109375,498572.359375,10.03,9.46,0.57,6.0254,USD,7876000000,10052000000,2176000000,2466000000,1935000000,611000000,None,3115000000,14000000,-48000000,336000000,48000000,5050000000,384000000,None,38000000,2199000000,518000000,48000000,1753000000,1543000000,2247000000,2285000000,1681000000,USD,169636000000,10432000000,7361000000,10432000000,None,None,36337000000,703000000,1257000000,33836000000,18476000000,15360000000,7101000000,7101000000,3071000000,14106000000,None,131270000000,1402000000,None,None,None,1946000000,129868000000,1946000000,6474000000,None,6836000000,6474000000,-544000000,117392000000,36817000000,8793000000,26672000000,2000000,151988234,USD,1774000000,27000000,None,62000000,171000000,38000000,37000000,263000000,None,1753000000,-144000000,-629000000,0,309000000,309000000,None,629000000,629000000,None,0,0,None,-309000000,None,1753000000,None,1681000000
88,2021Q4,913.17078125,920.897278125,903.9040265625,912.543125,513662.109375,10.95,9.35,1.6,17.1123,USD,19912000000,22175000000,2263000000,2465000000,2039000000,564000000,None,3067000000,46000000,-50000000,71000000,50000000,5106000000,121000000,None,140000000,2121000000,478000000,50000000,1632000000,1619000000,2171000000,2311000000,1643000000,USD,152648000000,12247000000,9323000000,12247000000,None,None,36187000000,762000000,1256000000,33804000000,18453000000,15351000000,7262000000,7262000000,2924000000,7388000000,None,113755000000,1397000000,None,None,None,46000000,112358000000,1872000000,7400000000,None,7700000000,7446000000,-6091000000,99203000000,37693000000,9087000000,27688000000,2000000,151684491,USD,1917000000,156000000,None,-690000000,-1532000000,38000000,126000000,-205000000,450000000,1632000000,-358000000,408000000,0,303000000,303000000,None,627000000,627000000,None,0,0,None,-303000000,None,1967000000,None,1643000000
89,2022Q1,783.9670967741936,792.5922258064517,772.069879032258,781.253064516129,857864.3709677419,10.42,10.16,0.26,2.5591,USD,7312000000,9344000000,2032000000,2401000000,1764000000,496000000,None,2935000000,18000000,-54000000,138000000,54000000,4699000000,-84000000,None,38000000,1699000000,263000000,54000000,1363000000,1311000000,1753000000,1791000000,1436000000,USD,143327000000,10163000000,7262000000,10163000000,None,None,36198000000,851000000,1309000000,33764000000,18415000000,15349000000,7615000000,7615000000,2901000000,7083000000,None,104468000000,1451000000,None,None,None,1842000000,103017000000,1842000000,7430000000,None,7253000000,7430000000,-391000000,91626000000,37489000000,9478000000,28338000000,2000000,151725643,USD,-422000000,41000000,None,3107000000,3217000000,78000000,147000000,27000000,-48000000,1363000000,-198000000,-1351000000,0,936000000,936000000,None,786000000,786000000,None,0,0,None,-936000000,None,-1971000000,None,1436000000
90,2022Q2,652.5829032258065,661.9276887096775,642.3405629032258,651.148064516129,998509.9838709678,9.52,8.75,0.77,8.8,USD,7016000000,8998000000,1982000000,2290000000,1668000000,530000000,None,2858000000,21000000,-54000000,21000000,54000000,4526000000,-293000000,None,38000000,1435000000,358000000,54000000,963000000,661000000,1489000000,1527000000,1077000000,USD,125966000000,9222000000,6481000000,9222000000,7302000000,None,36166000000,900000000,1344000000,33723000000,18377000000,15346000000,7302000000,7302000000,2741000000,-23000000,None,87661000000,1324000000,None,None,None,1815000000,86337000000,1815000000,6635000000,None,6102000000,6635000000,-3292000000,75493000000,37089000000,9969000000,28678000000,2000000,150966457,USD,1645000000,41000000,None,-2291000000,-2324000000,38000000,116000000,-243000000,None,963000000,-302000000,-1921000000,0,507000000,507000000,None,737000000,737000000,None,0,0,None,-507000000,None,-578000000,None,1077000000
91,2022Q3,654.35453125,662.3406203125,646.087334375,654.57484375,697925.765625,7.36,7.9,-0.54,-6.8354,USD,6641000000,8572000000,1931000000,2193000000,1526000000,554000000,None,2785000000,41000000,-50000000,41000000,50000000,4311000000,215000000,None,38000000,1736000000,330000000,50000000,1361000000,1025000000,1786000000,1824000000,1406000000,USD,115430000000,9244000000,6797000000,9244000000,None,None,36139000000,965000000,1393000000,33683000000,18339000000,15344000000,6907000000,6907000000,2447000000,5867000000,None,77313000000,1601000000,None,None,None,1773000000,75712000000,1773000000,6591000000,None,5754000000,6591000000,-2867000000,64679000000,37162000000,10325000000,29348000000,2000000,150461863,USD,1760000000,40000000,None,1190000000,909000000,38000000,136000000,-38000000,None,1361000000,-214000000,-1044000000,0,384000000,384000000,None,736000000,736000000,None,0,0,None,-384000000,None,502000000,None,1406000000
92,2022Q4,665.1987301587301,675.5029746031746,657.1716349206349,667.7725396825397,848287.8095238095,9.55,7.07,2.48,35.0778,USD,-91000000,19735000000,91000000,2202000000,1427000000,580000000,None,2910000000,72000000,-54000000,225000000,54000000,4337000000,279000000,None,137000000,1604000000,345000000,54000000,-182000000,1630000000,1658000000,1795000000,1259000000,USD,117628000000,9958000000,7416000000,9958000000,None,None,36190000000,1031000000,1390000000,33643000000,18302000000,15341000000,7466000000,7466000000,2542000000,5765000000,None,78843000000,1294000000,None,None,None,1835000000,77549000000,1835000000,6654000000,None,5900000000,6654000000,-541000000,65242000000,37744000000,10805000000,29876000000,2000000,149756492,USD,1973000000,217000000,None,-2638000000,-2248000000,79000000,134000000,-162000000,None,1307000000,-416000000,-1126000000,0,505000000,505000000,None,731000000,731000000,None,0,0,None,-494000000,None,431000000,None,1259000000
93,2023Q1,704.148064516129,711.9986290322581,696.453764516129,704.4025806451613,729856.0645161291,8.93,8.11,0.82,10.111,USD,2199000000,4184000000,1985000000,2247000000,1438000000,521000000,135000000,2805000000,86000000,-59000000,86000000,59000000,4243000000,175000000,None,37000000,1542000000,385000000,59000000,1169000000,1283000000,1601000000,1638000000,1157000000,USD,121398000000,8507000000,5644000000,8507000000,17208000000,None,36144000000,1046000000,1374000000,33604000000,18265000000,15339000000,8172000000,8172000000,2863000000,-10743000000,None,82333000000,1183000000,None,None,None,1823000000,81150000000,1823000000,6669000000,None,6093000000,6669000000,-1823000000,70024000000,37712000000,10979000000,30237000000,2000000,149904546,USD,-394000000,76000000,None,874000000,964000000,80000000,81000000,270000000,None,1169000000,-222000000,-1194000000,0,721000000,721000000,None,796000000,796000000,None,0,0,None,-694000000,None,-1810000000,None,1157000000
94,2023Q2,669.7062903225807,675.5877580645162,663.7607387096774,669.780806451613,614740.2258064516,7.93,7.76,0.17,2.1907,USD,2408000000,4394000000,1986000000,2291000000,1615000000,520000000,141000000,2848000000,89000000,-69000000,89000000,69000000,4463000000,None,None,37000000,1809000000,443000000,69000000,1423000000,1461000000,1878000000,1915000000,1366000000,USD,122644000000,10160000000,6834000000,10160000000,18150000000,None,36075000000,1045000000,1434000000,33566000000,18228000000,15338000000,9124000000,9124000000,3326000000,-12339000000,None,82748000000,1156000000,None,None,None,1814000000,81592000000,1814000000,7904000000,None,7211000000,7904000000,-1814000000,67061000000,38208000000,11340000000,30855000000,2000000,149373266,USD,985000000,46000000,None,1418000000,1833000000,37000000,61000000,202000000,19000000,1423000000,-281000000,440000000,0,383000000,383000000,None,748000000,748000000,None,0,0,None,-383000000,None,None,None,1366000000
95,2023Q3,698.8869841269841,704.4893206349207,693.7825793650793,698.5115873015874,559576.1428571428,9.28,8.46,0.82,9.6927,USD,2435000000,4440000000,2005000000,880000000,1637000000,546000000,145000000,2885000000,139000000,-82000000,171000000,82000000,4522000000,None,None,39000000,1817000000,213000000,82000000,1595000000,1383000000,1899000000,1938000000,1604000000,USD,118585000000,10865000000,7316000000,10865000000,17887000000,None,36294000000,1058000000,1487000000,33807000000,18291000000,15516000000,9835000000,9835000000,3549000000,-13147000000,None,77954000000,1217000000,None,None,None,1780000000,76737000000,1780000000,7884000000,None,7007000000,7884000000,-1780000000,61829000000,38627000000,11672000000,31711000000,2000000,148942746,USD,1576000000,43000000,None,-1027000000,-832000000,39000000,78000000,135000000,-43000000,1595000000,-270000000,-735000000,0,396000000,396000000,None,748000000,748000000,None,0,0,None,-372000000,None,None,None,1604000000
96,2023Q4,695.6501587301588,702.8111380952381,691.6699142857143,698.0673015873016,674478.1904761905,10.91,8.26,2.65,32.0823,USD,-61000000,4896000000,61000000,820000000,1585000000,624000000,None,3046000000,159000000,-82000000,159000000,82000000,4631000000,None,None,150000000,1813000000,438000000,82000000,-122000000,1636000000,1895000000,2045000000,1375000000,USD,123211000000,12192000000,8736000000,12192000000,None,None,36315000000,1112000000,1439000000,33782000000,18258000000,15524000000,9740000000,7777000000,3456000000,None,None,81971000000,1784000000,None,None,None,1784000000,80187000000,1784000000,7918000000,None,7413000000,7918000000,None,65130000000,39347000000,11991000000,32343000000,2000000,148500074,USD,1998000000,235000000,None,-916000000,-1125000000,38000000,124000000,-21000000,None,1489000000,-186000000,-503000000,None,384000000,384000000,None,743000000,2292000000,None,None,None,None,-340000000,None,None,None,1375000000
