,Quarter,1. open,2. high,3. low,4. close,5. volume,reportedEPS,estimatedEPS,surprise,surprisePercentage,reportedCurrency_x,grossProfit,totalRevenue,costOfRevenue,costofGoodsAndServicesSold,operatingIncome,sellingGeneralAndAdministrative,researchAndDevelopment,operatingExpenses,investmentIncomeNet,netInterestIncome,interestIncome,interestExpense,nonInterestIncome,otherNonOperatingIncome,depreciation,depreciationAndAmortization,incomeBeforeTax,incomeTaxExpense,interestAndDebtExpense,netIncomeFromContinuingOperations,comprehensiveIncomeNetOfTax,ebit,ebitda,netIncome_x,reportedCurrency_y,totalAssets,totalCurrentAssets,cashAndCashEquivalentsAtCarryingValue,cashAndShortTermInvestments,inventory,currentNetReceivables,totalNonCurrentAssets,propertyPlantEquipment,accumulatedDepreciationAmortizationPPE,intangibleAssets,intangibleAssetsExcludingGoodwill,goodwill,investments,longTermInvestments,shortTermInvestments,otherCurrentAssets,otherNonCurrentAssets,totalLiabilities,totalCurrentLiabilities,currentAccountsPayable,deferredRevenue,currentDebt,shortTermDebt,totalNonCurrentLiabilities,capitalLeaseObligations,longTermDebt,currentLongTermDebt,longTermDebtNoncurrent,shortLongTermDebtTotal,otherCurrentLiabilities,otherNonCurrentLiabilities,totalShareholderEquity,treasuryStock,retainedEarnings,commonStock,commonStockSharesOutstanding,reportedCurrency,operatingCashflow,paymentsForOperatingActivities,proceedsFromOperatingActivities,changeInOperatingLiabilities,changeInOperatingAssets,depreciationDepletionAndAmortization,capitalExpenditures,changeInReceivables,changeInInventory,profitLoss,cashflowFromInvestment,cashflowFromFinancing,proceedsFromRepaymentsOfShortTermDebt,paymentsForRepurchaseOfCommonStock,paymentsForRepurchaseOfEquity,paymentsForRepurchaseOfPreferredStock,dividendPayout,dividendPayoutCommonStock,dividendPayoutPreferredStock,proceedsFromIssuanceOfCommonStock,proceedsFromIssuanceOfLongTermDebtAndCapitalSecuritiesNet,proceedsFromIssuanceOfPreferredStock,proceedsFromRepurchaseOfEquity,proceedsFromSaleOfTreasuryStock,changeInCashAndCashEquivalents,changeInExchangeRate,netIncome_y
17,2010Q2,137.76095238095238,140.1976380952381,135.12180317460317,137.5857142857143,693949.2063492064,1.19,0.95,0.24,25.2632,USD,146492000,466841000,320349000,256712000,74959000,30141000,None,116605000,None,None,None,85000,None,342000,None,17053000,75301000,28840000,None,46461000,46511000,74959000,92439000,46461000,USD,1009122000,339348000,202042000,307042000,6358000,3787000,669774000,641600000,None,21939000,21939000,21939000,None,None,105000000,22161000,6235000,259108000,100574000,30211000,None,None,111000,154810000,None,3724000,None,None,3835000,66871000,8570000,750014000,172899000,361841000,337000,31373000,USD,69089000,None,None,None,None,17053000,21950000,None,44000,46461000,-21950000,-38099000,None,40785000,None,None,None,None,None,None,None,None,-40785000,None,9040000,None,46461000
18,2010Q3,152.00296875,154.2347328125,149.940046875,152.45484375,692507.8125,1.46,1.39,0.07,5.036,USD,148391000,476874000,328483000,260922000,77584000,33522000,None,119538000,None,None,None,14000,None,381000,None,17319000,77965000,29737000,None,48228000,49172000,77584000,95298000,48228000,USD,1032371000,345399000,210996000,300996000,7175000,4446000,686972000,658423000,None,21939000,21939000,21939000,None,None,90000000,22691000,6610000,271342000,103433000,35641000,None,None,117000,164216000,None,3693000,None,None,3810000,67675000,9374000,761029000,225796000,410069000,338000,31031000,USD,67240000,None,None,-12310000,-2216000,17319000,29526000,-503000,816000,48228000,-14526000,-44539000,None,52897000,52897000,None,None,None,None,None,None,None,-47061000,None,8954000,779000,48228000
19,2010Q4,218.121875,221.2556140625,214.917534375,218.39125,988809.375,1.52,1.31,0.21,16.0305,USD,482521000,482521000,334429000,269121000,73992000,28733000,None,119666000,None,None,None,91000,None,311000,None,17815000,74303000,27858000,None,73992000,46187000,73992000,92209000,46445000,USD,1121605000,406221000,224838000,349604000,7098000,5658000,715384000,676881000,305228000,21939000,21939000,21939000,124766000,None,124766000,20333000,16564000,310732000,123054000,33705000,None,None,121000,184017000,None,3661000,None,None,3782000,38703000,9825000,810873000,240918000,456514000,340000,31102000,USD,92995000,None,None,25201000,19283000,17815000,42036000,198000,-79000,73992000,-78702000,-156000,None,15122000,15122000,None,None,None,None,None,None,None,-8767000,None,13842000,-295000,46445000
20,2011Q1,242.44661290322583,246.88297258064517,238.2823129032258,243.21435483870965,1047101.6129032258,1.47,1.29,0.18,13.9535,USD,152361000,509384000,357023000,288196000,74821000,32216000,None,126215000,None,None,None,188000,None,287000,None,18494000,75108000,28726000,None,46382000,47000000,74821000,93790000,46382000,USD,1158055000,377160000,282939000,327939000,8738000,7623000,780895000,683392000,None,21939000,21939000,21939000,None,59456000,45000000,25015000,16108000,295309000,99344000,35929000,None,None,124000,192336000,None,3629000,None,None,3753000,63291000,11341000,862746000,254441000,502896000,341000,31082000,USD,68305000,None,None,2459000,7448000,18494000,26438000,1968000,1639000,46382000,-6124000,-4480000,None,13523000,13523000,None,None,None,None,None,None,None,-13151000,None,58101000,400000,46382000
21,2011Q2,277.9893650793651,282.03753492063487,274.64570000000003,278.6831746031746,994206.3492063492,1.46,1.44,0.02,1.3889,USD,166441000,572036000,405595000,325826000,83863000,41968000,None,141990000,None,None,None,2481000,None,-2006000,None,18505000,81857000,31200000,None,53024000,50764000,83863000,104220000,50657000,USD,1263581000,441712000,349801000,384560000,8447000,6179000,821869000,695609000,None,21939000,21939000,21939000,124471000,89712000,34759000,36393000,14609000,324519000,117416000,40258000,None,None,128000,203507000,None,3596000,None,None,3724000,77030000,11892000,939062000,263402000,553553000,343000,31167000,USD,106411000,None,None,40841000,9619000,18505000,31243000,-1444000,-292000,53024000,-51838000,12068000,None,8961000,8961000,None,None,None,None,None,None,None,-8876000,None,66862000,221000,50657000
22,2011Q3,315.11578125,320.5784375,309.8790984375,315.5165625,990737.5,1.64,1.68,-0.04,-2.381,USD,181763000,592421000,410658000,333839000,98010000,37254000,None,139986000,None,None,None,119000,None,448000,None,18741000,98458000,38025000,None,60433000,59792000,98010000,118596000,60433000,USD,1343373000,487729000,409875000,444634000,8768000,5765000,855644000,719346000,None,21939000,21939000,21939000,134477000,99718000,34759000,28562000,14641000,343932000,128443000,49011000,None,None,130000,211926000,None,3563000,None,None,130000,76347000,11769000,999441000,282728000,613986000,343000,31331000,USD,116153000,8810000,None,17454000,-8601000,18741000,35186000,-388000,323000,60433000,-45186000,-10469000,None,19326000,19326000,None,None,None,None,None,None,None,-19248000,None,60074000,-424000,60433000
23,2011Q4,323.59015873015875,327.7795952380952,319.54688095238095,323.83476190476193,668515.873015873,1.9,1.85,0.05,2.7027,USD,596749000,596749000,445660000,333978000,93868000,69890000,None,180327000,None,None,None,157000,None,414000,None,19198000,94282000,36809000,None,93868000,56980000,93868000,115127000,57473000,USD,1425308000,501192000,401243000,456248000,8913000,8389000,988431000,751951000,370169000,21939000,21939000,21939000,367084000,128241000,55005000,27642000,21985000,381082000,157453000,46382000,None,None,133000,284415000,None,3529000,None,None,133000,46557000,12435000,1044226000,304426000,671459000,344000,31283000,USD,120227000,17787000,None,35293000,9069000,19198000,58280000,2834000,146000,93868000,-107070000,-21387000,None,21698000,21698000,None,None,None,None,None,None,None,-21659000,None,-8632000,-402000,57473000
24,2012Q1,380.20967580645157,383.52395,377.5077935483871,381.31193548387097,466761.29032258067,1.81,1.83,-0.02,-1.0929,USD,189938000,640804000,450866000,358575000,102224000,49334000,None,158482000,None,None,None,None,None,434000,None,20084000,102658000,39994000,None,62664000,63347000,102224000,124808000,62664000,USD,1527568000,551487000,370191000,464671000,10017000,9087000,976081000,773116000,None,21939000,21939000,21939000,243552000,149072000,94480000,32821000,31954000,357773000,124547000,49154000,None,None,135000,163126000,None,3494000,None,None,135000,75258000,14705000,1169795000,331437000,734123000,349000,31410000,USD,29376000,68392000,None,3003000,16697000,20084000,41864000,710000,1102000,62664000,-102246000,41429000,None,27011000,27011000,None,None,None,None,None,None,None,-26930000,None,-31052000,389000,62664000
25,2012Q2,410.5679380952381,414.9772507936508,405.20379523809527,410.2761904761905,652423.8095238095,1.97,1.93,0.04,2.0725,USD,222453000,691224000,468771000,381412000,133790000,42295000,None,153712000,None,None,None,377000,None,377000,None,20543000,134167000,52484000,None,81683000,80625000,133790000,157283000,81683000,USD,1648409000,620442000,404797000,529533000,10504000,10351000,1027967000,804655000,None,21939000,21939000,21939000,293913000,169177000,124736000,35608000,32196000,387184000,150109000,55960000,None,None,138000,233616000,None,3459000,None,None,3597000,94011000,15096000,1261225000,344023000,815806000,349000,31696000,USD,141499000,5260000,None,26815000,292000,20543000,48468000,1437000,491000,81683000,-98956000,-7272000,None,12586000,12586000,None,None,None,None,None,None,None,-12500000,None,34606000,-665000,81683000
26,2012Q3,324.00142857142856,328.47309047619046,319.82187777777773,323.9611111111111,899212.6984126985,2.56,2.3,0.26,11.3043,USD,214394000,700770000,486376000,391221000,117663000,48606000,None,168883000,None,None,None,547000,None,547000,None,21362000,118210000,45910000,None,72300000,73260000,117663000,141823000,72300000,USD,1706205000,656679000,421149000,573891000,9964000,14566000,1049526000,835654000,None,21939000,21939000,21939000,311753000,159011000,152742000,32060000,32922000,398589000,159333000,65094000,None,None,140000,235833000,None,3423000,None,None,3563000,94099000,15959000,1307616000,386987000,888106000,349000,31643000,USD,123062000,924000,None,13584000,242000,21362000,47173000,4912000,-546000,72300000,-65173000,-41992000,None,42964000,42964000,None,None,None,None,None,None,None,-42882000,None,16352000,455000,72300000
27,2012Q4,274.55403225806447,278.84331451612906,270.4276193548387,274.59499999999997,965046.7741935484,2.27,2.3,-0.03,-1.3043,USD,699161000,699161000,528578000,401631000,102188000,78173000,None,207437000,None,None,None,1820000,None,462000,None,22141000,102650000,41297000,None,102188000,61595000,102188000,126135000,61353000,USD,1668667000,546607000,322553000,472859000,11096000,15613000,1073113000,866703000,444917000,21939000,21939000,21939000,556298000,190868000,150306000,27378000,42550000,422741000,186852000,58700000,None,None,143000,320762000,None,3386000,None,None,3529000,105273000,19885000,1245926000,521518000,949459000,349000,31303000,USD,126026000,-1366000,None,49173000,15984000,22141000,59532000,2379000,1133000,102188000,-89124000,-135699000,None,134531000,134531000,None,None,None,None,None,None,None,-134299000,None,-98596000,201000,61353000
28,2013Q1,310.90183333333334,314.8786116666667,308.0737383333333,311.69916666666666,545703.3333333334,1.95,1.96,-0.01,-0.5102,USD,221260000,727035000,505775000,411058000,120044000,44211000,None,171382000,None,None,None,None,None,266000,None,22936000,120310000,43726000,None,76584000,75480000,120044000,145660000,76584000,USD,1712670000,575514000,346930000,507503000,11431000,15475000,1089581000,875597000,None,21939000,21939000,21939000,356093000,195520000,160573000,31723000,44100000,424579000,182116000,56629000,None,None,None,194888000,None,None,None,None,None,125487000,21971000,1288091000,572483000,1026043000,349000,31012000,USD,125250000,1869000,None,11724000,5279000,22936000,36495000,-1309000,340000,76584000,-51593000,-48976000,None,50965000,50965000,None,None,None,None,None,None,None,-50810000,None,24377000,-304000,76584000
29,2013Q2,358.5059375,362.5794953125,354.8563828125,358.7134375,490882.8125,2.35,2.13,0.22,10.3286,USD,257563000,816639000,559076000,456314000,146418000,50952000,None,189205000,None,None,None,None,None,330000,None,23597000,146748000,58895000,None,87853000,87820000,146418000,172813000,87853000,USD,1808931000,555010000,281632000,483796000,11270000,14961000,1196457000,895819000,None,21939000,21939000,21939000,12091000,290284000,202164000,34938000,45879000,441488000,182707000,63305000,None,None,None,201317000,None,None,None,None,None,119402000,22508000,1367443000,602583000,1113896000,350000,30901000,USD,142503000,2382000,None,2189000,4068000,23597000,43635000,-486000,-159000,87853000,-180184000,-27647000,None,30100000,30100000,None,None,None,None,None,None,None,-29994000,None,-65298000,30000,87853000
30,2013Q3,403.79296875,407.28994375,401.1972734375,404.28475,342151.5625,2.82,2.81,0.01,0.3559,USD,253526000,827196000,573670000,466212000,137154000,52726000,None,196229000,None,None,None,None,None,765000,None,24618000,137919000,54540000,None,83379000,84890000,137154000,166582000,83379000,USD,1911432000,603782000,308076000,532173000,12509000,14575000,1251128000,936023000,None,21939000,21939000,21939000,12771000,303700000,224097000,34696000,45988000,445690000,179698000,70267000,None,None,None,209470000,None,None,None,None,None,109431000,23490000,1465742000,619173000,1197275000,351000,30897000,USD,120962000,13443000,None,1759000,289000,24618000,56535000,-405000,1234000,83379000,-92067000,-3153000,None,16590000,16590000,None,None,None,None,None,None,None,-16560000,None,26444000,702000,83379000
31,2013Q4,507.67765625,512.0975421875,503.9393828125,508.486875,400645.3125,2.66,2.78,-0.12,-4.3165,USD,844147000,844147000,638753000,479730000,129104000,100233000,None,254112000,None,None,None,1751000,None,390000,None,24903000,129494000,49872000,None,129104000,79844000,129104000,157221000,79622000,USD,2009280000,666307000,323203000,578174000,13044000,24016000,1287539000,963238000,527397000,21939000,21939000,21939000,269021000,313863000,254971000,34204000,43933000,470992000,199228000,59022000,None,None,17541000,376013000,None,None,None,None,None,91157000,23591000,1538288000,660421000,1276897000,352000,31017000,USD,140065000,20685000,None,46591000,7401000,24903000,63261000,9438000,535000,129104000,-104471000,-20575000,None,41248000,41248000,None,None,None,None,None,None,None,-41223000,None,15127000,108000,79622000
32,2014Q1,552.1948360655738,558.0069147540984,545.7913967213116,551.213606557377,538232.7868852459,2.53,2.53,0,0,USD,258244000,904307000,646063000,520000000,135650000,66917000,None,221036000,None,None,None,689000,None,689000,None,25754000,136339000,53270000,None,83069000,82938000,135650000,164522000,83069000,USD,2155680000,790791000,411592000,706995000,15202000,16582000,1307313000,983047000,None,21939000,21939000,21939000,15682000,313601000,295403000,38213000,46302000,510647000,227242000,66729000,None,None,None,225829000,None,None,None,None,None,160513000,26349000,1645033000,673157000,1359966000,353000,31061000,USD,179778000,8955000,None,43733000,1100000,25754000,47230000,-7439000,2160000,83069000,-87512000,-3837000,None,12736000,12736000,None,None,None,None,None,None,None,-12736000,None,88389000,-40000,83069000
33,2014Q2,541.5914285714287,547.6059634920634,535.0838793650793,541.5095238095238,552642.8571428572,2.64,2.86,-0.22,-7.6923,USD,324163000,1050365000,726202000,591677000,179842000,74879000,None,249651000,None,None,None,1144000,None,1144000,None,27009000,180986000,70716000,None,110270000,110139000,179842000,210055000,110270000,USD,2277582000,892099000,470050000,804630000,15522000,20242000,1334645000,1011916000,None,21939000,21939000,21939000,15649000,304108000,334580000,36966000,47520000,524548000,241536000,77648000,None,None,None,232174000,None,None,None,None,None,163888000,26870000,1753034000,710713000,1470236000,353000,31049000,USD,137279000,561000,None,-6896000,292000,27009000,55610000,3685000,316000,110270000,-85359000,-36994000,None,37556000,37556000,None,None,None,None,None,None,None,-37556000,None,58458000,158000,110270000
34,2014Q3,655.42796875,660.1422046875,650.021765625,655.296875,386931.609375,3.5,3.09,0.41,13.2686,USD,406798000,1084222000,677424000,602423000,207436000,71172000,None,185958000,None,None,None,785000,None,785000,None,27961000,208221000,77420000,None,130801000,129412000,207436000,238609000,130801000,USD,2437053000,873870000,442618000,805253000,15885000,18949000,1524205000,1052684000,None,21939000,21939000,21939000,803584000,440949000,362635000,33632000,47611000,543289000,264986000,88398000,None,None,None,239325000,None,None,None,None,None,176588000,27407000,1893764000,723826000,1601037000,353000,31020000,USD,158762000,3455000,None,-6728000,-360000,27961000,57560000,-1496000,375000,130801000,-206911000,-9672000,None,13113000,13113000,None,None,None,None,None,None,None,-13113000,None,-27432000,-174000,130801000
35,2014Q4,654.0590625,660.0969421875,648.5251359375,654.166875,419065.109375,4.15,3.84,0.31,8.0729,USD,1069811000,1069811000,733608000,611301000,187872000,118219000,None,235058000,None,None,None,3503000,None,885000,None,29750000,188757000,67523000,None,187872000,120226000,187872000,222040000,121234000,USD,2527317000,859511000,419465000,774204000,15332000,51327000,1627277000,1106984000,613676000,21939000,21939000,21939000,850845000,496106000,354739000,34795000,42777000,514948000,245710000,69613000,None,None,22929000,427693000,None,None,None,None,None,105063000,28263000,2012369000,748759000,1722271000,354000,31023000,USD,187872000,8696000,None,11923000,12191000,29750000,92190000,16216000,-544000,187872000,-139062000,-16234000,None,24933000,24933000,None,None,None,None,None,None,None,-24933000,None,-23153000,-168000,121234000
36,2015Q1,682.7106557377049,688.499793442623,676.9124147540983,682.4134426229508,435732.45901639346,3.84,3.79,0.05,1.3193,USD,409370000,1089043000,679673000,613177000,197801000,63061000,None,180010000,None,None,None,1223000,None,1223000,None,30643000,199024000,76383000,None,122641000,117929000,197801000,236844000,122641000,USD,2703719000,984695000,542957000,908745000,16052000,21480000,1683625000,1119469000,None,21939000,21939000,21939000,896870000,531082000,365788000,37252000,46534000,569385000,277121000,76066000,None,None,None,256865000,None,None,None,None,None,201055000,30968000,2134334000,772008000,1844912000,355000,31036000,USD,497643000,10827000,None,-3781000,-6083000,30643000,59363000,-13300000,737000,122641000,-103477000,-12541000,None,23249000,23249000,None,None,None,None,None,None,None,-23249000,None,123492000,-3209000,122641000
37,2015Q2,632.8177777777777,637.2551523809524,628.1851761904762,632.4295238095237,553788.3015873015,3.88,3.66,0.22,6.0109,USD,456296000,1197783000,741487000,667607000,227416000,70212000,None,204239000,None,None,None,1742000,None,1742000,None,32440000,229158000,88954000,None,140204000,141935000,227416000,262632000,140204000,USD,2806224000,989231000,587685000,897854000,16529000,33562000,1788232000,1147059000,None,21939000,21939000,21939000,910936000,600767000,310169000,39686000,47228000,554514000,261016000,81453000,None,None,None,264737000,None,None,None,None,None,179563000,32047000,2251710000,865081000,1985116000,357000,31120000,USD,172644000,47231000,None,26858000,116000,32440000,55032000,4207000,468000,140204000,-68825000,-45898000,None,93073000,93073000,None,None,None,None,None,None,None,-93073000,None,44728000,1040000,140204000
38,2015Q3,709.516875,716.413121875,703.809403125,710.829375,535058.484375,4.45,4.44,0.01,0.2252,USD,471330000,1216890000,745560000,671127000,234759000,70066000,None,209312000,None,None,None,1518000,None,1518000,None,33145000,236277000,91394000,None,144883000,143165000,234759000,272216000,144883000,USD,2947922000,1073233000,604162000,977414000,17524000,37643000,1845087000,1180957000,None,21939000,21939000,21939000,998350000,625098000,373252000,37760000,46695000,546434000,244244000,77250000,None,None,None,272588000,None,None,None,None,None,166994000,31919000,2401488000,895881000,2129999000,358000,31187000,USD,178028000,16803000,None,-19602000,-1000000,33145000,67445000,-1544000,1007000,144883000,-155917000,-14046000,None,30800000,30800000,None,None,None,None,None,None,None,-30800000,None,16477000,-993000,144883000
39,2015Q4,613.29640625,620.545596875,603.2310953125,611.53328125,1272657.515625,4.59,4.62,-0.03,-0.6494,USD,997507000,997507000,725909000,597650000,103613000,116132000,None,264447000,None,None,None,6278000,None,1795000,None,34140000,105408000,37534000,None,103613000,64729000,103613000,148653000,67874000,USD,2725066000,814647000,248005000,663204000,15043000,96435000,1878114000,1217220000,720875000,21939000,21939000,21939000,1056469000,622939000,415199000,39965000,48321000,597092000,279942000,85709000,None,None,15634000,486963000,None,None,3060000,None,None,127544000,32883000,2127974000,1234612000,2197873000,358000,31023000,USD,103613000,-419000,None,13436000,14979000,34140000,75578000,14141000,-2474000,103613000,-135921000,-313955000,None,313553000,313553000,None,None,None,None,None,None,None,-313553000,None,-356157000,-1034000,67874000
40,2016Q1,474.95278688524587,484.2244868852459,466.8554032786885,475.67573770491805,1657959.1311475409,2.17,1.85,0.32,17.2973,USD,216181000,834459000,618278000,551847000,-46604000,62010000,None,221580000,None,None,None,2126000,None,2126000,None,34788000,-44478000,-18046000,None,-26432000,-22610000,-46604000,-7384000,-26432000,USD,2140820000,374740000,250805000,250805000,16885000,58733000,1730345000,1241602000,None,21939000,21939000,21939000,472858000,455679000,0,48317000,46860000,600566000,271963000,76606000,None,None,None,292868000,None,None,None,None,None,195357000,32216000,1540254000,1811237000,2171441000,358000,29893000,USD,119603000,680000,None,9501000,-5838000,34788000,62921000,-14642000,1833000,-26432000,522727000,-583132000,None,583802000,583802000,None,None,None,None,None,None,None,-583802000,None,2800000,1526000,-26432000
41,2016Q2,435.60546875,440.7928953125,429.8825421875,434.6896875,1065248.359375,-0.88,-0.95,0.07,7.3684,USD,304666000,998383000,693717000,618828000,40895000,70756000,None,227045000,None,None,None,786000,None,786000,None,36074000,41681000,16085000,None,25596000,25340000,40895000,83343000,25596000,USD,2101800000,387707000,189960000,270144000,16966000,48419000,1676479000,1269335000,None,21939000,21939000,21939000,473659000,376364000,80184000,52178000,46455000,615757000,276528000,75255000,None,None,None,301615000,None,None,None,None,None,201273000,32630000,1486043000,1911870000,2197037000,358000,29207000,USD,61670000,1302000,None,25598000,183000,36074000,63791000,-559000,88000,25596000,-63791000,-114910000,None,116234000,116234000,None,None,None,None,None,None,None,-116234000,None,-60845000,-130000,25596000
42,2016Q3,410.7921875,415.5248140625,406.556278125,411.12265625,1099756.078125,0.87,0.93,-0.06,-6.4516,USD,289538000,1036982000,747444000,650044000,9726000,78405000,None,263445000,None,None,None,None,None,672000,None,37434000,10398000,2599000,None,7799000,7060000,9726000,80434000,7799000,USD,2067033000,468897000,154128000,359149000,18382000,46116000,1564274000,1278672000,None,21939000,21939000,21939000,473195000,250659000,205021000,45250000,46866000,626013000,279499000,74682000,11457000,None,None,312652000,None,None,None,None,None,204817000,33293000,1441020000,1982488000,2204836000,358000,29063000,USD,45233000,-94000,None,17103000,391000,37434000,65540000,-883000,1521000,7799000,-65540000,-71401000,None,71318000,71318000,None,None,None,None,None,None,None,-71318000,None,-35832000,-298000,7799000
43,2016Q4,394.53492063492064,400.3594857142857,389.78890158730155,394.4457142857143,1263195.3333333333,0.27,1.58,-1.31,-82.9114,USD,1034560000,1034560000,853917000,649862000,30550000,168038000,None,372257000,None,None,None,4172000,None,588000,None,38072000,31138000,15163000,None,30550000,13259000,30550000,72296000,15975000,USD,2026103000,522374000,87880000,417716000,15019000,45559000,1484785000,1303558000,845469000,21939000,21939000,21939000,472734000,125055000,329836000,44080000,53177000,623610000,281793000,78363000,5489000,None,20435000,535381000,None,None,None,None,None,123557000,33946000,1402493000,2049389000,2220811000,358000,28899000,USD,-186353000,-568000,None,12872000,19826000,38072000,66590000,18007000,-3351000,30550000,-66590000,-66840000,None,65406000,66301000,None,None,None,None,None,None,None,-66301000,None,-66248000,-988000,15975000
44,2017Q1,412.00782258064515,416.74261290322585,408.49576451612904,412.6925806451613,887753.7096774194,0.55,0.57,-0.02,-3.5088,USD,345673000,1068829000,723156000,649646000,73173000,69441000,None,224299000,None,None,None,None,None,1188000,None,39279000,74361000,28241000,None,46120000,46613000,73173000,119752000,46120000,USD,2062262000,663964000,122413000,577040000,18319000,21582000,1398298000,1322622000,None,21939000,21939000,21939000,472583000,0,454627000,47023000,53737000,654540000,306323000,83840000,None,None,None,348217000,None,None,None,None,None,222483000,34633000,1407722000,2107426000,2266931000,358000,28750000,USD,150590000,0,None,6642000,-11153000,39279000,57088000,-18693000,3737000,46120000,-57088000,-59131000,None,59137000,59137000,None,None,None,None,None,None,None,-59137000,None,34533000,173000,46120000
45,2017Q2,464.920873015873,469.27508095238096,459.9747349206349,463.9896825396825,886686.126984127,1.6,1.27,0.33,25.9843,USD,391428000,1169409000,777981000,705003000,106725000,70075000,None,236663000,None,None,None,None,None,1049000,None,41081000,107774000,41044000,None,66730000,68808000,106725000,147038000,66730000,USD,2068551000,663965000,175137000,569603000,19126000,24940000,1404586000,1328280000,None,21939000,21939000,21939000,412982000,0,394466000,50296000,54367000,618355000,267785000,80976000,None,None,None,350570000,None,None,None,None,None,186809000,35879000,1450196000,2154517000,2333661000,358000,28649000,USD,93038000,0,None,-18175000,359000,41081000,56627000,3321000,793000,66730000,3451000,-44687000,None,44690000,44690000,None,None,None,None,None,None,None,-44690000,None,52724000,957000,66730000
46,2017Q3,338.4001587301587,342.2992571428572,333.02291904761904,336.82380952380953,1486921.2063492064,2.32,2.18,0.14,6.422,USD,322244000,1128074000,805830000,701429000,30867000,99182000,None,266713000,None,None,None,None,None,1275000,None,41546000,32142000,12532000,None,19610000,21556000,30867000,85907000,19610000,USD,2064377000,655936000,113480000,548357000,21634000,36856000,1408441000,1331786000,None,21939000,21939000,21939000,454034000,0,434877000,49089000,54716000,677251000,323402000,86705000,None,None,None,353849000,None,None,None,None,None,236697000,36826000,1387126000,2257174000,2353271000,359000,28415000,USD,135679000,0,None,64878000,335000,41546000,51791000,-1105000,2493000,19610000,-91953000,-105757000,None,105132000,105758000,None,None,None,None,None,None,None,-105758000,None,-61657000,801000,19610000
47,2017Q4,297.73079365079366,302.1337142857143,293.92285714285714,298.2226984126984,1197464.1746031747,0.69,1.63,-0.94,-57.6687,USD,1110100000,1110100000,850804000,685342000,60029000,164035000,None,340533000,None,None,None,None,None,1437000,None,41442000,61466000,17673000,None,60029000,43779000,60029000,108135000,43793000,USD,2045692000,629535000,184569000,508951000,19860000,49806000,1416157000,1338366000,978924000,21939000,21939000,21939000,344269000,0,324382000,50918000,26251000,681247000,323893000,82028000,0,None,18920000,357354000,None,None,None,None,None,159300000,40042000,1364445000,2334409000,2397064000,359000,28152000,USD,88909000,0,None,2453000,18232000,41442000,51271000,16617000,-1773000,60029000,59012000,-76319000,None,76259000,76335000,None,None,None,None,None,None,None,-76335000,None,71089000,125000,43793000
48,2018Q1,314.4393442622951,319.7583606557377,310.04032786885244,314.90786885245905,1228733.8196721312,1.34,1.32,0.02,1.5152,USD,377907000,1148397000,770490000,690778000,92808000,77063000,None,227781000,None,None,None,None,None,1394000,None,46915000,94202000,34756000,None,59446000,59477000,92808000,149441000,59446000,USD,2097444000,630439000,231838000,530602000,17404000,26691000,1467005000,1343717000,None,21939000,21939000,21939000,364421000,49375000,298764000,55742000,51974000,733399000,367320000,99001000,None,None,None,366079000,None,None,None,None,None,268319000,37630000,1364045000,2406434000,2456510000,359000,27911000,USD,201116000,None,None,33724000,-16903000,46915000,57524000,-13767000,-2451000,59446000,-81273000,-72648000,None,68638000,72626000,None,None,None,None,None,None,None,-72626000,None,47195000,None,59446000
49,2018Q2,407.91703125,414.0475,403.53328125,408.73828125,899967.578125,2.13,1.57,0.56,35.6688,USD,380153000,1266520000,886367000,754938000,67957000,85153000,None,306600000,None,None,None,None,None,2323000,None,49193000,70280000,23396000,None,46884000,45386000,67957000,207794000,46884000,USD,2128622000,720674000,225658000,573927000,20851000,56036000,1407948000,1333949000,None,21939000,21939000,21939000,364752000,None,348269000,69860000,52060000,736615000,355161000,95597000,None,None,None,381454000,None,None,None,None,None,259564000,36457000,1392007000,2435109000,2503394000,359000,27819000,USD,94302000,None,None,-18748000,38000,49193000,70981000,-2854000,3458000,46884000,-70526000,-29208000,None,28890000,29175000,None,None,None,None,None,None,None,-29175000,None,109850000,None,46884000
50,2018Q3,475.10476190476186,480.7451888888889,469.89428571428573,475.69079365079364,766850.5079365079,2.87,2.8,0.07,2.5,USD,359365000,1225007000,865642000,742078000,57991000,109524000,None,291052000,None,None,None,None,None,2493000,None,52654000,60484000,22280000,None,38204000,38475000,57991000,123553000,38204000,USD,2230872000,793071000,343028000,670815000,18285000,48565000,1437801000,1361440000,None,21939000,21939000,21939000,344713000,None,327787000,55406000,24842000,795035000,402786000,103486000,None,None,None,392249000,None,None,None,None,None,299300000,37123000,1435837000,2454337000,2541598000,360000,27802000,USD,197079000,6969000,None,38571000,-9978000,52654000,81494000,3179000,-2569000,38204000,-60417000,-19322000,None,18873000,14600000,None,None,None,None,None,None,None,-14600000,None,105617000,None,38204000
51,2018Q4,452.4136507936508,459.07460317460317,445.17857142857144,451.93968253968256,712282.619047619,2.16,2,0.16,8,USD,1225061000,1225061000,896881000,739045000,39612000,215415000,None,347148000,None,None,None,None,None,3858000,None,53217000,-140296000,-172315000,None,39612000,30638000,39612000,112837000,32019000,USD,2265518000,814794000,249953000,676798000,21555000,62312000,1450724000,1379254000,1083507000,21939000,None,21939000,437717000,None,426845000,54129000,19332000,824179000,449990000,113071000,70474000,None,26891000,374189000,None,None,None,None,None,239554000,31638000,1441339000,2500556000,2573617000,360000,27760000,USD,129055000,12927000,None,1062000,27299000,53217000,77391000,21740000,3284000,39612000,-175362000,-45357000,None,44536000,44536000,None,None,None,None,None,None,None,-44536000,None,39612000,None,32019000
52,2019Q1,576.796393442623,585.182786885246,572.5019672131148,580.0524590163934,718246.7540983607,1.72,1.37,0.35,25.5474,USD,434397000,1308217000,873820000,770209000,110161000,102671000,None,278560000,None,3129000,None,None,None,3129000,None,91886000,113290000,25158000,None,88132000,88510000,110161000,215931000,88132000,USD,4625482000,837746000,277661000,735024000,18780000,49725000,3787736000,1366684000,None,21939000,None,21939000,469894000,None,457363000,34217000,20738000,3141683000,581667000,106214000,57088000,157665000,157665000,2547488000,2671566000,2513901000,157665000,None,2671566000,260700000,33587000,1483799000,2563410000,2659422000,361000,27696000,USD,182581000,79192000,None,-22057000,-15257000,53781000,64226000,-15946000,-2781000,88132000,-93337000,-63531000,None,52886000,52886000,None,None,None,None,None,None,None,-52886000,None,25713000,None,88132000
53,2019Q2,704.6787301587302,711.6894809523809,697.1523095238095,704.9636507936508,567796.5238095238,3.4,3.01,0.39,12.9568,USD,439438000,1434231000,994793000,851337000,120020000,121395000,None,336765000,None,3947000,3947000,None,None,3947000,None,90975000,123967000,32939000,None,91028000,91625000,120020000,219969000,91028000,USD,4659307000,832402000,299913000,717780000,21144000,49362000,3826905000,1387896000,None,21939000,None,21939000,430150000,None,417867000,44116000,17817000,3121258000,548268000,99007000,61794000,161253000,161253000,2568583000,2696022000,2534769000,161253000,None,2696022000,226214000,33814000,1538049000,2621922000,2750450000,362000,27720000,USD,117934000,73572000,None,11617000,7271000,51642000,77776000,-2329000,2360000,91028000,-36918000,-58919000,None,58656000,58656000,None,None,None,None,None,None,None,-58656000,None,73020000,None,91028000
54,2019Q3,797.10953125,804.79109375,788.17515625,797.3153125,467833.015625,3.99,3.76,0.23,6.117,USD,444590000,1403697000,959107000,840141000,115621000,115070000,None,299225000,None,4411000,4411000,None,None,4411000,None,92390000,120032000,21450000,None,98582000,97956000,115621000,219865000,98582000,USD,4937937000,954756000,386565000,815361000,23871000,53313000,3983181000,1425446000,None,21939000,None,21939000,441248000,None,428796000,62211000,18001000,3315490000,634019000,118483000,61809000,166802000,166802000,2681471000,2809539000,None,166802000,None,2809539000,286925000,38734000,1622447000,2660872000,2849032000,363000,27775000,USD,234528000,74520000,None,23637000,5909000,52206000,95963000,-764000,2733000,98582000,-107369000,-40256000,None,40079000,40079000,None,None,None,None,None,None,None,-40079000,None,78726000,None,98582000
55,2019Q4,803.39921875,809.48234375,795.33796875,802.26328125,453655.609375,3.82,3.22,0.6,18.6335,USD,1436469000,1440224000,3755000,858289000,98156000,253983000,None,3755000,None,2840000,2840000,None,None,2840000,None,101479000,100996000,28580000,None,98156000,72940000,98156000,211111000,72416000,USD,5104604000,1072204000,480626000,880782000,26096000,108250000,4032400000,1458690000,1201439000,21939000,None,21939000,400156000,0,400156000,57076000,18450000,3421578000,666593000,115816000,95195000,173139000,173139000,2754985000,2851513000,0,173139000,None,0,282443000,38797000,1683026000,2699119000,2921448000,363000,27770000,USD,186589000,75189000,None,54635000,29485000,55149000,95947000,21669000,2218000,98156000,-54350000,-39029000,None,38996000,38996000,None,None,None,None,None,None,None,-38996000,None,22967000,None,72416000
56,2020Q1,791.131935483871,804.778564516129,773.3983870967742,790.5351612903225,685292.9193548387,2.86,2.75,0.11,4,USD,442865000,1410772000,967907000,855864000,71121000,106470000,None,322715000,None,2743000,2743000,None,None,2743000,None,101335000,73864000,-2524000,None,76388000,74547000,71121000,191128000,76388000,USD,5206488000,1075501000,500315000,881293000,23335000,120092000,4130987000,1465666000,None,21939000,None,21939000,391400000,None,380978000,50781000,24010000,3534468000,665795000,130423000,77499000,178358000,178358000,2868673000,2943136000,None,178358000,None,2943136000,279515000,39044000,1672020000,2801150000,2996785000,365000,27792000,USD,182071000,77889000,14000,-4964000,-19410000,58374000,77653000,-25967000,-2734000,76388000,-59362000,-102100000,None,54401000,54401000,None,None,None,None,None,None,None,-54401000,None,20609000,None,76388000
57,2020Q2,924.4225396825398,941.7920634920636,907.7584126984127,925.7465079365079,588147.4126984127,3.08,2.91,0.17,5.8419,USD,406015000,1364738000,958723000,840022000,-4939000,102647000,None,381079000,None,623000,623000,None,None,623000,None,105202000,-4316000,-12491000,None,8175000,9230000,-4939000,111035000,8175000,USD,5370129000,1150343000,605622000,906663000,24178000,165846000,4219786000,1498048000,None,21939000,None,21939000,313920000,None,301041000,53656000,37655000,3665633000,723178000,160523000,88924000,None,197196000,2942455000,3006374000,None,None,None,3006374000,276535000,36775000,1704496000,2801467000,3004960000,367000,27911000,USD,122862000,66595000,None,33934000,9607000,60024000,87802000,3369000,705000,8175000,-16144000,-2103000,None,0,0,None,None,None,None,None,None,None,0,None,1604000,None,8175000
58,2020Q3,1205.14640625,1220.8786296875,1187.1566875,1205.0509375,319899.078125,0.4,0.35,0.05,14.2857,USD,539600000,1601414000,1061814000,923079000,107096000,133150000,None,407151000,None,-595000,595000,595000,None,-595000,None,108093000,106501000,26257000,None,80244000,80949000,107096000,223180000,80244000,USD,5631640000,1211280000,662401000,1005220000,25464000,129802000,4420360000,1547217000,None,21939000,None,21939000,418665000,61474000,342819000,50794000,53921000,3826054000,801717000,157324000,91467000,None,199815000,3024337000,3090955000,None,None,None,3090955000,353111000,37976000,1805586000,2801496000,3085204000,367000,27973000,USD,243790000,84008000,None,-20471000,7725000,60180000,81303000,-6635000,1415000,80244000,-187841000,-39000,None,0,0,None,None,None,None,None,None,None,0,None,56416000,None,80244000
59,2020Q4,1310.66546875,1327.119984375,1293.613746875,1311.559375,330400.265625,3.76,3.47,0.29,8.3573,USD,1607710000,1607710000,1214636000,906814000,116886000,282594000,None,596585000,None,846000,846000,595000,None,846000,None,108442000,117732000,-73227000,None,116886000,192174000,116886000,241056000,190959000,USD,5982896000,1420237000,607987000,951603000,26445000,387283000,4562659000,1584311000,1379710000,21939000,None,21939000,445944000,102328000,343616000,54906000,59047000,3962761000,822199000,121990000,127750000,None,204756000,3140562000,3157052000,0,None,None,0,367703000,38844000,2020135000,2802075000,3276163000,367000,27992000,USD,115124000,179196000,None,31978000,37481000,59956000,126594000,26223000,1008000,116886000,-169370000,-609000,None,0,0,None,None,None,None,None,None,None,0,None,116886000,None,190959000
60,2021Q1,1446.8360655737704,1465.7945852459018,1425.8902655737706,1446.1837704918032,287164.6393442623,3.48,3.73,-0.25,-6.7024,USD,622455000,1741575000,1119120000,956340000,161442000,155103000,None,457215000,None,-2168000,2168000,2168000,None,-2168000,None,112391000,159274000,32173000,None,127101000,126838000,161442000,279501000,127101000,USD,6149059000,1456851000,694776000,1058361000,24304000,312571000,4692208000,1613670000,None,21939000,None,21939000,492018000,110928000,363585000,61615000,59463000,4051528000,834004000,147417000,110197000,None,209086000,3217524000,3249262000,None,None,None,3249262000,367304000,41419000,2097531000,2908111000,3403264000,369000,28125000,USD,305973000,95717000,None,-13576000,-25381000,63122000,86619000,-32175000,-2148000,127101000,-116503000,-102260000,None,57229000,57229000,None,None,None,None,None,None,None,-57229000,None,87210000,None,127101000
61,2021Q2,1428.3044444444445,1442.7200952380952,1412.0991222222221,1426.747619047619,288947.4603174603,5.36,4.89,0.47,9.6115,USD,701594000,1892538000,1190944000,1038984000,245525000,146044000,None,439202000,None,851000,851000,851000,None,851000,None,118298000,246376000,58402000,None,187974000,188279000,245525000,372355000,187974000,USD,6320454000,1447810000,668269000,990729000,25159000,360309000,4872644000,1666184000,None,21939000,None,21939000,491692000,150814000,322460000,71613000,59918000,4146296000,835486000,140251000,113016000,None,213646000,3310810000,3348201000,None,None,None,3348201000,368573000,42745000,2174158000,3067458000,3591238000,370000,28134000,USD,256885000,89134000,None,-4533000,4855000,62082000,125504000,-5111000,839000,187974000,-121610000,-161959000,None,145922000,145922000,None,None,None,None,None,None,None,-145922000,None,160922000,None,187974000
62,2021Q3,1817.931796875,1833.8166,1801.4805015625,1818.99234375,253859.71875,7.46,6.52,0.94,14.4172,USD,706121000,1952315000,1246194000,1094089000,239680000,145930000,None,446755000,None,-126000,126000,126000,None,-126000,None,-42294000,239554000,35120000,None,204434000,203478000,239680000,307529000,204434000,USD,6627567000,1518606000,721109000,1022643000,28450000,394692000,5108961000,1719224000,None,21939000,None,21939000,508216000,188344000,301534000,72821000,57518000,4316659000,850964000,171712000,120423000,None,214684000,3465695000,3489559000,None,None,None,3489559000,344145000,42425000,2310908000,3170798000,3795672000,371000,28150000,USD,280803000,90096000,None,36910000,18082000,63191000,108446000,15404000,3305000,204434000,-125029000,-102348000,None,97582000,97582000,None,None,None,None,None,None,None,-97582000,None,177529000,None,204434000
63,2021Q4,1764.356796875,1781.131275,1742.4233390625,1760.72296875,219365.53125,7.02,6.32,0.7,11.0759,USD,429798000,1960633000,1530835000,1136979000,158296000,381868000,None,714068000,None,9263000,9263000,2294000,None,9263000,None,66262000,167559000,34084000,None,293254000,133264000,158296000,248548000,133475000,USD,6652958000,1381564000,815374000,1076319000,32826000,193663000,5271394000,1769278000,1536323000,21939000,None,21939000,260945000,274311000,260945000,78756000,56716000,4355584000,873682000,163161000,156351000,None,218713000,3481902000,3520314000,0,None,None,0,335457000,38536000,2297374000,3356102000,3929147000,371000,28117000,USD,438420000,-71716000,None,44039000,33356000,66262000,121906000,23569000,4396000,1106017000,-158900000,-182039000,None,165729000,165729000,None,None,None,None,None,None,None,-165729000,None,97481000,None,133475000
64,2022Q1,1508.4587096774194,1535.0081161290323,1478.4251306451613,1505.7204838709677,336479.2580645161,5.58,5.26,0.32,6.0837,USD,701895000,2020539000,1318644000,1158866000,190221000,147402000,None,489555000,None,-213000,213000,213000,None,-213000,None,80285000,190008000,31714000,None,158294000,158489000,190221000,270506000,158294000,USD,6467257000,1096493000,615863000,856242000,29852000,139996000,5370764000,1779521000,None,21939000,None,21939000,261182000,333088000,240379000,70403000,58283000,4333297000,833738000,168905000,132421000,None,223303000,3499559000,3554622000,None,None,None,3554622000,309109000,40511000,2133960000,3702023000,4087441000,373000,28043,USD,282902000,96841000,None,-36458000,-18152000,71665000,96162000,-10394000,-2970000,158294000,-133066000,-349478000,None,263308000,263308000,None,None,None,None,None,None,None,-263308000,None,-199642000,None,158294000
65,2022Q2,1395.164677419355,1417.4428467741936,1368.3168854838711,1393.1167741935485,252761.75806451612,5.7,5.64,0.06,1.0638,USD,842869000,2213339000,1370470000,1223854000,337598000,140820000,None,464097000,None,10572000,10572000,10572000,None,10572000,None,79095000,348170000,88228000,None,259942000,258462000,337598000,416693000,259942000,USD,6545336000,1046299000,520933000,761617000,29456000,181510000,5499037000,1813348000,None,21939000,None,21939000,260560000,359911000,240684000,73716000,63010000,4391137000,831623000,158581000,132446000,None,230930000,3559514000,3624353000,None,None,None,3624353000,309666000,39852000,2154199000,3969221000,4347383000,373000,27905000,USD,286786000,94871000,None,-7911000,4545000,69733000,100333000,-1959000,-350000,259942000,-116131000,-264925000,None,258602000,258602000,None,None,None,None,None,None,None,-258602000,None,-94270000,None,259942000
66,2022Q3,1545.9853125,1567.69915625,1528.34205,1549.90953125,250743.1875,9.3,9.04,0.26,2.8761,USD,845133000,2220175000,1375042000,1219718000,336253000,140896000,None,477409000,None,3712000,3712000,3712000,None,3712000,None,84142000,339965000,82827000,None,257138000,254881000,336253000,420395000,257138000,USD,6817437000,1077432000,366623000,783901000,33752000,183340000,5740005000,1871623000,None,21939000,None,21939000,437112000,442620000,417278000,76439000,63798000,4490056000,817857000,167842000,133118000,None,231947000,3672199000,3729168000,None,None,None,3729168000,284950000,41723000,2327381000,4076555000,4604521000,373000,27773000,USD,351918000,97627000,None,23408000,-3522000,71416000,139023000,-10538000,4376000,257138000,-397137000,-108332000,None,107865000,107865000,None,None,None,None,None,None,None,-107865000,None,-153551000,None,257138000
67,2022Q4,1497.9488888888889,1514.798907936508,1474.7040222222224,1493.8790476190477,304453.15873015876,9.51,9.21,0.3,3.2573,USD,583023000,2180599000,1597576000,1197765000,296331000,385746000,None,741664000,None,7057000,7057000,7057000,None,7057000,None,85582000,303388000,79661000,None,506157000,224735000,296331000,381913000,223727000,USD,6927504000,1175837000,384000000,1414272000,35668000,154621000,5751667000,1951147000,1734587000,21939000,None,21939000,1430024000,388055000,1030272000,17245000,63158000,4559481000,921880000,184566000,183071000,None,236248000,3637601000,3731410000,0,None,None,0,317995000,43816000,2368023000,4282014000,4828248000,373000,27683000,USD,401573000,147534000,None,48432000,49172000,74012000,143646000,36917000,1955000,1687688000,-183698000,-206669000,None,200365000,200365000,None,None,None,None,None,None,None,-200365000,None,11206000,None,223727000
68,2023Q1,1564.8479032258062,1586.1410177419357,1551.9301903225805,1571.0966129032258,284758.6935483871,8.29,8.9,-0.61,-6.8539,USD,935167000,2368580000,1433413000,1276353000,367606000,148340000,None,520766000,None,8949000,8949000,8949000,None,8949000,None,93307000,376555000,84911000,None,291644000,292101000,367606000,460913000,291644000,USD,7053372000,1261442000,409727000,1715443000,34599000,65869000,5791930000,1981329000,None,21939000,None,21939000,1694481000,368023000,1305716000,98389000,61229000,4571687000,894092000,182606000,157898000,None,239029000,3677595000,3771595000,None,None,None,3771595000,314559000,46892000,2481685000,4480833000,5119892000,374000,27624000,USD,455036000,102487000,None,-7609000,-29453000,76585000,120369000,-39659000,-1086000,291644000,-235549000,-193883000,None,126709000,126709000,None,None,None,None,None,None,None,-126709000,None,25604000,None,291644000
69,2023Q2,1974.5885483870968,1992.6687370967743,1962.2237919354839,1977.8312903225806,298723.46774193546,10.5,8.92,1.58,17.713,USD,988673000,2514801000,1526128000,1350342000,431810000,156496000,None,525493000,None,16446000,16446000,None,None,16446000,None,78771000,448256000,106466000,None,341790000,342269000,431810000,543061000,341790000,USD,7552435000,1556419000,504866000,2207150000,36004000,60985000,5996016000,2021964000,None,21939000,None,21939000,2154908000,430762000,1702284000,103422000,62526000,4785549000,982250000,162041000,158959000,None,244061000,3803299000,3887992000,None,None,None,3887992000,417189000,52928000,2766886000,4569152000,5461682000,375000,27604000,USD,582510000,104311000,None,-17613000,3649000,78771000,137232000,-4368000,1399000,341790000,-392143000,-95230000,None,95045000,95045000,None,None,None,None,None,None,None,-95045000,None,95137000,None,341790000
70,2023Q3,1952.6680952380952,1968.0687825396826,1934.8940396825396,1949.4855555555555,260860.09523809524,12.65,12.31,0.34,2.762,USD,949531000,2471948000,1522417000,1350468000,394950000,159501000,None,517317000,None,18392000,18392000,None,None,18392000,None,78546000,413342000,100125000,None,313217000,312089000,394950000,507188000,313217000,USD,7911493000,1669343000,602307000,2305705000,40177000,71122000,6242150000,2093011000,None,21939000,None,21939000,2194188000,473247000,1703398000,104038000,72830000,5025179000,1087707000,207541000,156320000,None,244994000,3937472000,4018081000,None,None,None,4018081000,478852000,53296000,2886314000,4798748000,5774899000,375000,27550000,USD,480472000,105416000,None,-139470000,27079000,78546000,131200000,10361000,4195000,313217000,-166302000,-216259000,None,215551000,215551000,None,None,None,None,None,None,None,-215551000,None,None,None,313217000
71,2023Q4,2076.4547460317463,2095.6754904761906,2063.1163269841268,2080.455873015873,221962.9365079365,11.36,10.55,0.81,7.6777,USD,690657000,2516320000,1825663000,1376383000,363447000,433332000,None,820751000,None,18906000,18906000,None,None,18906000,None,85492000,382353000,100267000,None,673855000,283509000,363447000,489175000,282086000,USD,8044362000,1620713000,560609000,2030285000,39309000,168495000,6423649000,2170038000,1982022000,21939000,None,21939000,2041664000,564488000,1469676000,19792000,63082000,4982155000,1030625000,197646000,209680000,None,248074000,3951530000,4051625000,0,None,None,0,375225000,58870000,3062207000,4944656000,6056985000,375000,27441000,USD,265459000,109377000,None,3832000,48597000,85492000,171930000,44882000,-859000,2294361000,-152015000,-155280000,None,155044000,155044000,None,None,None,None,None,None,None,-155044000,None,None,None,282086000
