,Quarter,1. open,2. high,3. low,4. close,5. volume,reportedEPS,estimatedEPS,surprise,surprisePercentage,reportedCurrency_x,grossProfit,totalRevenue,costOfRevenue,costofGoodsAndServicesSold,operatingIncome,sellingGeneralAndAdministrative,researchAndDevelopment,operatingExpenses,investmentIncomeNet,netInterestIncome,interestIncome,interestExpense,nonInterestIncome,otherNonOperatingIncome,depreciation,depreciationAndAmortization,incomeBeforeTax,incomeTaxExpense,interestAndDebtExpense,netIncomeFromContinuingOperations,comprehensiveIncomeNetOfTax,ebit,ebitda,netIncome_x,reportedCurrency_y,totalAssets,totalCurrentAssets,cashAndCashEquivalentsAtCarryingValue,cashAndShortTermInvestments,inventory,currentNetReceivables,totalNonCurrentAssets,propertyPlantEquipment,accumulatedDepreciationAmortizationPPE,intangibleAssets,intangibleAssetsExcludingGoodwill,goodwill,investments,longTermInvestments,shortTermInvestments,otherCurrentAssets,otherNonCurrentAssets,totalLiabilities,totalCurrentLiabilities,currentAccountsPayable,deferredRevenue,currentDebt,shortTermDebt,totalNonCurrentLiabilities,capitalLeaseObligations,longTermDebt,currentLongTermDebt,longTermDebtNoncurrent,shortLongTermDebtTotal,otherCurrentLiabilities,otherNonCurrentLiabilities,totalShareholderEquity,treasuryStock,retainedEarnings,commonStock,commonStockSharesOutstanding,reportedCurrency,operatingCashflow,paymentsForOperatingActivities,proceedsFromOperatingActivities,changeInOperatingLiabilities,changeInOperatingAssets,depreciationDepletionAndAmortization,capitalExpenditures,changeInReceivables,changeInInventory,profitLoss,cashflowFromInvestment,cashflowFromFinancing,proceedsFromRepaymentsOfShortTermDebt,paymentsForRepurchaseOfCommonStock,paymentsForRepurchaseOfEquity,paymentsForRepurchaseOfPreferredStock,dividendPayout,dividendPayoutCommonStock,dividendPayoutPreferredStock,proceedsFromIssuanceOfCommonStock,proceedsFromIssuanceOfLongTermDebtAndCapitalSecuritiesNet,proceedsFromIssuanceOfPreferredStock,proceedsFromRepurchaseOfEquity,proceedsFromSaleOfTreasuryStock,changeInCashAndCashEquivalents,changeInExchangeRate,netIncome_y
55,2009Q4,59.009796875,59.50546875,58.583065625,59.082499999999996,3584615.625,0.6,0.6,0,0,USD,2218000000,17299000000,15081000000,15081000000,428000000,1777000000,None,1790000000,None,None,None,24000000,None,None,None,184000000,418000000,152000000,None,None,None,442000000,612000000,266000000,USD,23478000000,11627000000,3617000000,4189000000,6223000000,849000000,11851000000,11115000000,4593000000,None,None,None,None,None,572000000,366000000,736000000,13047000000,10285000000,6317000000,None,None,30000000,2762000000,None,None,50000000,2135000000,2215000000,1229000000,None,10345000000,None,6288000000,2000000,437173000,USD,751000000,None,None,None,None,184000000,313000000,None,795000000,270000000,-296000000,-5000000,None,0,None,None,79000000,79000000,None,None,None,None,None,None,460000000,10000000,266000000
56,2009Q4,59.009796875,59.50546875,58.583065625,59.082499999999996,3584615.625,0.85,0.77,0.08,10.3896,USD,2218000000,17299000000,15081000000,15081000000,428000000,1777000000,None,1790000000,None,None,None,24000000,None,None,None,184000000,418000000,152000000,None,None,None,442000000,612000000,266000000,USD,23478000000,11627000000,3617000000,4189000000,6223000000,849000000,11851000000,11115000000,4593000000,None,None,None,None,None,572000000,366000000,736000000,13047000000,10285000000,6317000000,None,None,30000000,2762000000,None,None,50000000,2135000000,2215000000,1229000000,None,10345000000,None,6288000000,2000000,437173000,USD,751000000,None,None,None,None,184000000,313000000,None,795000000,270000000,-296000000,-5000000,None,0,None,None,79000000,79000000,None,None,None,None,None,None,460000000,10000000,266000000
57,2010Q1,59.6294262295082,60.058573770491805,59.297311475409835,59.68295081967213,3422432.2131147543,0.7,0.72,-0.02,-2.7778,USD,470000000,18742000000,18272000000,16396000000,470000000,1873000000,None,1902000000,None,-26000000,None,26000000,None,None,None,None,468000000,169000000,26000000,301000000,294000000,494000000,None,299000000,USD,23366000000,11501000000,4134000000,4719000000,5365000000,951000000,None,11105000000,4752000000,None,None,None,None,None,585000000,None,760000000,12623000000,9865000000,5598000000,None,None,46000000,None,None,None,45000000,2134000000,None,1350000000,None,10651000000,None,6495000000,2000000,439786000,USD,609000000,None,None,None,None,185000000,193000000,None,-858000000,305000000,-210000000,116000000,None,6000000,None,None,None,None,None,None,None,None,None,None,517000000,2000000,299000000
60,2010Q4,66.715628125,67.3037484375,66.3912109375,66.9315625,3527957.8125,0.71,0.69,0.02,2.8986,USD,529000000,19239000000,18710000000,16757000000,525000000,1945000000,None,1979000000,None,-26000000,None,26000000,None,None,None,191000000,484000000,172000000,26000000,353000000,822000000,510000000,716000000,312000000,USD,26043000000,13558000000,3739000000,5284000000,6852000000,985000000,12485000000,12019000000,5430000000,None,None,None,None,None,1545000000,437000000,466000000,14336000000,11502000000,7205000000,None,None,24000000,2834000000,None,None,None,2143000000,2167000000,1410000000,None,11199000000,None,6685000000,2000000,434099000,USD,720000000,136000000,None,961000000,917000000,191000000,306000000,None,912000000,332000000,-137000000,-87000000,71000000,145000000,145000000,None,89000000,89000000,None,None,None,None,-145000000,None,525000000,29000000,312000000
61,2010Q4,66.715628125,67.3037484375,66.3912109375,66.9315625,3527957.8125,0.97,0.95,0.02,2.1053,USD,529000000,19239000000,18710000000,16757000000,525000000,1945000000,None,1979000000,None,-26000000,None,26000000,None,None,None,191000000,484000000,172000000,26000000,353000000,822000000,510000000,716000000,312000000,USD,26043000000,13558000000,3739000000,5284000000,6852000000,985000000,12485000000,12019000000,5430000000,None,None,None,None,None,1545000000,437000000,466000000,14336000000,11502000000,7205000000,None,None,24000000,2834000000,None,None,None,2143000000,2167000000,1410000000,None,11199000000,None,6685000000,2000000,434099000,USD,720000000,136000000,None,961000000,917000000,191000000,306000000,None,912000000,332000000,-137000000,-87000000,71000000,145000000,145000000,None,89000000,89000000,None,None,None,None,-145000000,None,525000000,29000000,312000000
62,2011Q1,72.59242096774193,73.11608548387096,72.06403387096775,72.62741935483871,2480553.2258064514,0.79,0.79,0,0,USD,598000000,20875000000,20277000000,18235000000,596000000,2040000000,None,2069000000,None,-27000000,None,27000000,None,None,None,None,552000000,204000000,27000000,369000000,418000000,579000000,None,348000000,USD,25716000000,13138000000,3355000000,5379000000,6127000000,1116000000,None,12102000000,5620000000,None,None,None,None,None,2024000000,None,476000000,13592000000,10746000000,5970000000,None,None,1000000,None,None,None,None,2144000000,None,1688000000,None,11583000000,None,6863000000,2000000,436682000,USD,726000000,180000000,None,-861000000,-760000000,195000000,234000000,None,-761000000,369000000,-724000000,-416000000,-415000000,94000000,94000000,None,None,None,None,None,None,None,99000000,None,-384000000,30000000,348000000
65,2011Q4,83.3793634920635,84.11464761904762,82.66527619047619,83.42936507936508,2500287.301587302,0.8,0.8,0,0,USD,542000000,21628000000,21086000000,18931000000,543000000,2144000000,None,2182000000,None,-27000000,None,27000000,None,None,None,205000000,545000000,225000000,27000000,328000000,152000000,572000000,748000000,320000000,USD,28004000000,14993000000,4319000000,5915000000,7618000000,982000000,13011000000,12381000000,6058000000,None,None,None,None,None,1596000000,478000000,630000000,15557000000,13311000000,7576000000,None,None,34000000,2246000000,None,2230000000,900000000,1330000000,2264000000,1666000000,None,11909000000,None,7175000000,2000000,434222000,USD,664000000,206000000,9000000,991000000,1076000000,205000000,343000000,None,1062000000,328000000,-352000000,67000000,194000000,163000000,163000000,None,105000000,105000000,None,None,None,None,-138000000,None,310000000,-69000000,320000000
66,2011Q4,83.3793634920635,84.11464761904762,82.66527619047619,83.42936507936508,2500287.301587302,1.08,1.1,-0.02,-1.8182,USD,542000000,21628000000,21086000000,18931000000,543000000,2144000000,None,2182000000,None,-27000000,None,27000000,None,None,None,205000000,545000000,225000000,27000000,328000000,152000000,572000000,748000000,320000000,USD,28004000000,14993000000,4319000000,5915000000,7618000000,982000000,13011000000,12381000000,6058000000,None,None,None,None,None,1596000000,478000000,630000000,15557000000,13311000000,7576000000,None,None,34000000,2246000000,None,2230000000,900000000,1330000000,2264000000,1666000000,None,11909000000,None,7175000000,2000000,434222000,USD,664000000,206000000,9000000,991000000,1076000000,205000000,343000000,None,1062000000,328000000,-352000000,67000000,194000000,163000000,163000000,None,105000000,105000000,None,None,None,None,-138000000,None,310000000,-69000000,320000000
68,2012Q2,87.22984126984127,87.90089206349207,86.67773015873016,87.32936507936508,2407860.3174603176,0.88,0.87,0.01,1.1494,USD,623000000,22324000000,21701000000,19543000000,623000000,2152000000,None,2177000000,None,-19000000,None,19000000,None,None,None,None,603000000,217000000,19000000,405000000,399000000,622000000,None,386000000,USD,27836000000,14591000000,4791000000,5976000000,7044000000,1018000000,None,12596000000,6443000000,None,None,None,None,None,1185000000,None,649000000,14653000000,12366000000,7302000000,None,None,None,None,None,1373000000,0,1373000000,None,1799000000,None,12585000000,None,7611000000,2000000,433791000,USD,1083000000,199000000,14000000,469000000,107000000,202000000,268000000,None,107000000,405000000,-65000000,-619000000,489000000,140000000,140000000,None,None,None,None,None,None,None,-108000000,None,402000000,3000000,386000000
70,2012Q4,98.34757903225807,99.14183870967742,97.50634516129033,98.29464999999999,3173158.064516129,0.95,0.93,0.02,2.1505,USD,639000000,23715000000,23076000000,20726000000,639000000,2332000000,None,2363000000,None,-13000000,None,13000000,None,None,None,213000000,641000000,225000000,13000000,421000000,433000000,654000000,852000000,416000000,USD,29323000000,15405000000,3897000000,5576000000,8152000000,1175000000,13918000000,13251000000,6772000000,None,None,None,None,None,1679000000,14903000000,667000000,16491000000,14135000000,8825000000,None,None,12000000,2356000000,None,1637000000,1000000,1366000000,1366000000,1150000000,None,12665000000,None,8099000000,2000000,438643000,USD,1102000000,192000000,6000000,1283000000,1057000000,213000000,488000000,None,1055000000,421000000,-855000000,121000000,247000000,36000000,36000000,None,120000000,120000000,None,None,None,None,-26000000,None,369000000,1000000,416000000
71,2012Q4,98.34757903225807,99.14183870967742,97.50634516129033,98.29464999999999,3173158.064516129,1.39,1.31,0.08,6.1069,USD,639000000,23715000000,23076000000,20726000000,639000000,2332000000,None,2363000000,None,-13000000,None,13000000,None,None,None,213000000,641000000,225000000,13000000,421000000,433000000,654000000,852000000,416000000,USD,29323000000,15405000000,3897000000,5576000000,8152000000,1175000000,13918000000,13251000000,6772000000,None,None,None,None,None,1679000000,14903000000,667000000,16491000000,14135000000,8825000000,None,None,12000000,2356000000,None,1637000000,1000000,1366000000,1366000000,1150000000,None,12665000000,None,8099000000,2000000,438643000,USD,1102000000,192000000,6000000,1283000000,1057000000,213000000,488000000,None,1055000000,421000000,-855000000,121000000,247000000,36000000,36000000,None,120000000,120000000,None,None,None,None,-26000000,None,369000000,1000000,416000000
72,2013Q1,102.26883333333333,102.97765,101.62715166666666,102.30210000000001,2133094.066666667,1.1,1.06,0.04,3.7736,USD,738000000,24871000000,24133000000,21766000000,738000000,2361000000,None,2392000000,None,-25000000,None,25000000,None,None,None,None,732000000,185000000,25000000,554000000,485000000,757000000,None,547000000,USD,29089000000,15110000000,4413000000,5651000000,7582000000,1300000000,None,13386000000,6933000000,None,None,None,None,None,1238000000,None,593000000,18806000000,13045000000,7441000000,None,None,64000000,None,None,4807000000,1000000,4806000000,None,1155000000,None,10112000000,None,5478000000,2000000,435975000,USD,423000000,326000000,17000000,-1046000000,-568000000,217000000,455000000,None,-533000000,554000000,0,114000000,-237000000,0,0,None,None,None,None,None,None,None,25000000,None,516000000,-21000000,547000000
75,2013Q4,119.4201609375,120.2068,118.7169765625,119.5530625,1845229.6875,0.96,1.02,-0.06,-5.8824,USD,668000000,25017000000,24349000000,21824000000,668000000,2501000000,None,2552000000,None,-27000000,None,27000000,9000000,None,None,231000000,653000000,228000000,27000000,431000000,506000000,680000000,899000000,425000000,USD,32319000000,17473000000,4699000000,6439000000,9337000000,1145000000,14846000000,14254000000,7333000000,None,None,None,None,None,1740000000,552000000,592000000,20910000000,14933000000,9199000000,None,None,None,5977000000,None,None,None,4987000000,4987000000,1316000000,None,11221000000,None,6571000000,2000000,437970000,USD,939000000,99000000,4000000,1311000000,1417000000,231000000,574000000,None,1420000000,431000000,-826000000,-71000000,22000000,0,0,None,137000000,137000000,None,None,None,None,5000000,None,55000000,13000000,425000000
76,2013Q4,119.4201609375,120.2068,118.7169765625,119.5530625,1845229.6875,1.4,1.46,-0.06,-4.1096,USD,668000000,25017000000,24349000000,21824000000,668000000,2501000000,None,2552000000,None,-27000000,None,27000000,9000000,None,None,231000000,653000000,228000000,27000000,431000000,506000000,680000000,899000000,425000000,USD,32319000000,17473000000,4699000000,6439000000,9337000000,1145000000,14846000000,14254000000,7333000000,None,None,None,None,None,1740000000,552000000,592000000,20910000000,14933000000,9199000000,None,None,None,5977000000,None,None,None,4987000000,4987000000,1316000000,None,11221000000,None,6571000000,2000000,437970000,USD,939000000,99000000,4000000,1311000000,1417000000,231000000,574000000,None,1420000000,431000000,-826000000,-71000000,22000000,0,0,None,137000000,137000000,None,None,None,None,5000000,None,55000000,13000000,425000000
77,2014Q1,114.5761475409836,115.2367950819672,113.66272459016393,114.39049180327868,2474040.9836065574,1.05,1.17,-0.12,-10.2564,USD,724000000,26306000000,25582000000,23043000000,724000000,2531000000,None,2565000000,None,-26000000,None,26000000,None,None,None,None,718000000,255000000,26000000,473000000,347000000,744000000,None,463000000,USD,31566000000,16634000000,5130000000,6482000000,8267000000,1244000000,None,14348000000,7486000000,None,None,None,None,None,1352000000,None,584000000,19857000000,13884000000,7707000000,None,None,None,None,None,None,None,4985000000,None,1470000000,None,11515000000,None,6899000000,2000000,439776000,USD,713000000,238000000,None,-1368000000,-1017000000,240000000,447000000,None,-1023000000,473000000,-65000000,-153000000,-26000000,0,0,None,None,None,None,None,None,None,6000000,None,431000000,-64000000,463000000
79,2014Q3,120.7465625,121.3126578125,120.224103125,120.8537484375,1740931.640625,0,1.09,-1.09,-100,USD,1091000000,35523000000,34432000000,31037000000,1091000000,3380000000,None,3395000000,None,-35000000,None,35000000,None,None,None,-150000000,1078000000,381000000,35000000,705000000,690000000,1113000000,941000000,697000000,USD,32662000000,17588000000,5738000000,7315000000,8456000000,1148000000,15436000000,14830000000,7845000000,None,None,None,None,None,1577000000,16919000000,606000000,20509000000,14412000000,8491000000,250000000,None,-8741000000,6097000000,None,5093000000,0,5093000000,5093000000,1663000000,None,12303000000,None,7458000000,2000000,437683000,USD,842000000,606000000,None,-74000000,40000000,321000000,567000000,None,-21000000,705000000,-606000000,-244000000,91000000,163000000,163000000,None,311000000,174000000,None,None,0,None,-147000000,None,2000000,10000000,697000000
80,2014Q4,135.8565625,136.8061984375,134.96254375,135.923125,2137021.65625,1.12,1.09,0.03,2.7523,USD,770000000,26866000000,26096000000,23385000000,770000000,2696000000,None,2711000000,None,-26000000,None,26000000,None,None,None,254000000,770000000,274000000,26000000,505000000,184000000,796000000,1024000000,496000000,USD,34605000000,19156000000,5969000000,5969000000,9644000000,1248000000,15457000000,14798000000,7961000000,None,None,None,None,None,1650000000,18511000000,659000000,22043000000,16019000000,9783000000,None,None,None,6024000000,None,None,None,5034000000,5034000000,1519000000,None,12359000000,None,7782000000,2000000,438760000,USD,1128000000,247000000,None,1445000000,1328000000,254000000,555000000,None,1328000000,505000000,-653000000,-108000000,15000000,18000000,18000000,None,156000000,156000000,None,None,None,None,-8000000,None,231000000,-136000000,496000000
81,2014Q4,135.8565625,136.8061984375,134.96254375,135.923125,2137021.65625,1.58,1.52,0.06,3.9474,USD,770000000,26866000000,26096000000,23385000000,770000000,2696000000,None,2711000000,None,-26000000,None,26000000,None,None,None,254000000,770000000,274000000,26000000,505000000,184000000,796000000,1024000000,496000000,USD,34605000000,19156000000,5969000000,5969000000,9644000000,1248000000,15457000000,14798000000,7961000000,None,None,None,None,None,1650000000,18511000000,659000000,22043000000,16019000000,9783000000,None,None,None,6024000000,None,None,None,5034000000,5034000000,1519000000,None,12359000000,None,7782000000,2000000,438760000,USD,1128000000,247000000,None,1445000000,1328000000,254000000,555000000,None,1328000000,505000000,-653000000,-108000000,15000000,18000000,18000000,None,156000000,156000000,None,None,None,None,-8000000,None,231000000,-136000000,496000000
84,2015Q3,142.575,143.61812187499999,141.322225,142.6875,1917247.015625,1.73,1.66,0.07,4.2169,USD,1156000000,35778000000,34622000000,31096000000,1156000000,3499000000,None,3526000000,None,-40000000,None,40000000,11000000,None,None,351000000,1145000000,378000000,40000000,778000000,372000000,1185000000,1507000000,767000000,USD,33017000000,16779000000,4801000000,6419000000,8908000000,1224000000,16141000000,15401000000,8263000000,None,None,None,None,None,1618000000,228000000,837000000,22174000000,16539000000,9011000000,299000000,None,1283000000,6057000000,None,6135000000,1283000000,4852000000,6147000000,1695000000,783000000,10617000000,None,6518000000,2000000,437952000,USD,778000000,608000000,None,94000000,269000000,351000000,805000000,None,210000000,778000000,-705000000,-481000000,31000000,256000000,256000000,None,351000000,351000000,None,None,None,None,-256000000,None,-262000000,-104000000,767000000
85,2015Q3,142.575,143.61812187499999,141.322225,142.6875,1917247.015625,0,1.67,-1.67,-100,USD,1156000000,35778000000,34622000000,31096000000,1156000000,3499000000,None,3526000000,None,-40000000,None,40000000,11000000,None,None,351000000,1145000000,378000000,40000000,778000000,372000000,1185000000,1507000000,767000000,USD,33017000000,16779000000,4801000000,6419000000,8908000000,1224000000,16141000000,15401000000,8263000000,None,None,None,None,None,1618000000,228000000,837000000,22174000000,16539000000,9011000000,299000000,None,1283000000,6057000000,None,6135000000,1283000000,4852000000,6147000000,1695000000,783000000,10617000000,None,6518000000,2000000,437952000,USD,778000000,608000000,None,94000000,269000000,351000000,805000000,None,210000000,778000000,-705000000,-481000000,31000000,256000000,256000000,None,351000000,351000000,None,None,None,None,-256000000,None,-262000000,-104000000,767000000
86,2015Q4,157.724375,159.0435046875,156.5698828125,158.039375,2200331.28125,1.09,1.17,-0.08,-6.8376,USD,767000000,27220000000,26453000000,23621000000,767000000,2806000000,None,2832000000,None,-33000000,None,33000000,19000000,None,None,271000000,755000000,275000000,33000000,487000000,496000000,788000000,1038000000,480000000,USD,35037000000,18858000000,5054000000,6283000000,10382000000,1359000000,16593000000,15867000000,8489000000,None,None,None,None,None,1229000000,834000000,726000000,24371000000,18293000000,10378000000,None,None,1281000000,6078000000,None,6126000000,1281000000,4845000000,6126000000,2036000000,None,10848000000,None,6704000000,2000000,439777000,USD,1696000000,407000000,None,1435000000,1473000000,271000000,715000000,None,1473000000,487000000,-332000000,-224000000,63000000,142000000,142000000,None,0,176000000,None,None,None,None,-142000000,None,253000000,-2000000,480000000
87,2016Q1,151.43590163934425,152.909668852459,149.99783770491803,151.57696721311476,2526608.1475409837,1.24,1.28,-0.04,-3.125,USD,856000000,28170000000,27314000000,24469000000,856000000,2835000000,None,2845000000,None,-31000000,None,31000000,11000000,None,None,None,832000000,286000000,31000000,555000000,307000000,863000000,None,546000000,USD,32388000000,15529000000,3633000000,4855000000,8908000000,1453000000,None,16065000000,8637000000,None,None,None,None,None,1222000000,313000000,794000000,21154000000,15433000000,8222000000,None,None,None,None,None,4975000000,89000000,4886000000,None,2280000000,835000000,11000000000,None,7001000000,2000000,439256000,USD,555000000,174000000,None,-1917000000,-1360000000,285000000,624000000,None,-1375000000,555000000,-485000000,-1563000000,-110000000,71000000,71000000,None,176000000,None,None,None,None,None,-71000000,None,-1421000000,-29000000,546000000
89,2016Q3,161.6903125,162.51844375,160.70500625,161.5959375,2155353.75,1.77,1.73,0.04,2.3121,USD,1191000000,36560000000,35369000000,31649000000,1191000000,3696000000,None,3720000000,None,-39000000,None,39000000,4000000,None,None,408000000,1175000000,396000000,39000000,785000000,806000000,1214000000,1599000000,779000000,USD,33163000000,15218000000,3379000000,4729000000,8969000000,1252000000,17945000000,17043000000,9124000000,None,None,None,None,None,1350000000,268000000,902000000,20831000000,15575000000,7612000000,365000000,None,619000000,5256000000,None,5161000000,1100000000,4061000000,5161000000,2003000000,1195000000,12079000000,None,7686000000,2000000,437524000,USD,785000000,445000000,None,-1484000000,-78000000,408000000,849000000,None,33000000,785000000,-1025000000,-331000000,208000000,136000000,136000000,None,394000000,394000000,None,None,None,None,-136000000,None,-1505000000,20000000,779000000
90,2016Q4,152.59174603174606,153.67710634920635,151.75656825396825,152.6536507936508,2315722.095238095,1.17,1.19,-0.02,-1.6807,USD,849000000,28099000000,27250000000,24288000000,849000000,2940000000,None,2962000000,None,-29000000,None,29000000,-17000000,None,None,297000000,836000000,291000000,29000000,555000000,205000000,865000000,1146000000,545000000,USD,36532000000,18570000000,4805000000,6116000000,10721000000,1498000000,17962000000,17156000000,9282000000,None,None,None,None,None,1311000000,235000000,806000000,24301000000,19161000000,11003000000,None,None,1159000000,5140000000,None,5092000000,1159000000,3933000000,5092000000,2189000000,1207000000,11973000000,None,7882000000,2000000,439343000,USD,5625000000,249000000,None,3707000000,1934000000,297000000,667000000,None,1983000000,555000000,-655000000,-660000000,-178000000,122000000,122000000,None,198000000,198000000,None,None,None,None,-122000000,None,1426000000,-52000000,545000000
91,2017Q1,167.44612903225806,168.2967129032258,166.52001451612904,167.59,2317933.064516129,1.17,1.36,-0.19,-13.9706,USD,844000000,29766000000,28922000000,25927000000,844000000,2980000000,None,2995000000,None,-31000000,None,31000000,29766000000,None,None,None,803000000,288000000,31000000,521000000,621000000,834000000,None,515000000,USD,35630000000,17460000000,4744000000,5965000000,9530000000,1597000000,None,17342000000,9549000000,None,None,None,None,None,1221000000,368000000,828000000,22918000000,18860000000,8764000000,None,None,None,None,None,5072000000,2257000000,2815000000,None,2691000000,1243000000,12440000000,None,8140000000,2000000,438941000,USD,521000000,271000000,None,-2128000000,-1244000000,312000000,516000000,None,-1248000000,521000000,-482000000,-165000000,-94000000,68000000,68000000,None,0,None,None,None,None,None,-68000000,None,-61000000,8000000,515000000
94,2017Q4,172.3295238095238,173.6662126984127,171.24502380952381,172.63603174603173,3223561.73015873,1.36,1.34,0.02,1.4925,USD,951000000,31809000000,30858000000,27617000000,951000000,3224000000,None,3241000000,None,-37000000,None,37000000,31809000000,None,None,335000000,925000000,285000000,37000000,651000000,617000000,962000000,1286000000,640000000,USD,39378000000,19897000000,5689000000,6885000000,11213000000,1559000000,19481000000,18682000000,10427000000,None,None,None,None,None,1196000000,240000000,799000000,28022000000,20360000000,11992000000,None,None,None,7662000000,None,6594000000,116000000,6478000000,6478000000,3014000000,1184000000,11078000000,None,6300000000,4000000,439185000,USD,4012000000,372000000,None,2058000000,1417000000,335000000,820000000,None,1415000000,651000000,-785000000,-58000000,377000000,124000000,124000000,None,0,220000000,None,None,None,None,-124000000,None,1143000000,-20000000,640000000
95,2017Q4,172.3295238095238,173.6662126984127,171.24502380952381,172.63603174603173,3223561.73015873,2.08,2.02,0.06,2.9703,USD,951000000,31809000000,30858000000,27617000000,951000000,3224000000,None,3241000000,None,-37000000,None,37000000,31809000000,None,None,335000000,925000000,285000000,37000000,651000000,617000000,962000000,1286000000,640000000,USD,39378000000,19897000000,5689000000,6885000000,11213000000,1559000000,19481000000,18682000000,10427000000,None,None,None,None,None,1196000000,240000000,799000000,28022000000,20360000000,11992000000,None,None,None,7662000000,None,6594000000,116000000,6478000000,6478000000,3014000000,1184000000,11078000000,None,6300000000,4000000,439185000,USD,4012000000,372000000,None,2058000000,1417000000,335000000,820000000,None,1415000000,651000000,-785000000,-58000000,377000000,124000000,124000000,None,0,220000000,None,None,None,None,-124000000,None,1143000000,-20000000,640000000
96,2018Q1,188.68360655737706,190.47409836065574,186.78,188.66311475409836,2496515.573770492,1.42,1.47,-0.05,-3.4014,USD,1016000000,32995000000,31979000000,28733000000,1016000000,3234000000,None,3246000000,None,-37000000,None,37000000,32995000000,None,None,344000000,974000000,273000000,37000000,713000000,841000000,1011000000,1360000000,701000000,USD,38703000000,18899000000,4781000000,5830000000,10671000000,2001000000,19804000000,19049000000,10754000000,None,None,None,None,None,1049000000,397000000,755000000,26650000000,18913000000,10061000000,None,None,None,7737000000,None,6627000000,122000000,6505000000,6505000000,3176000000,1232000000,11754000000,None,6727000000,4000000,438883000,USD,1169000000,374000000,None,-1572000000,-551000000,344000000,508000000,None,-613000000,713000000,-508000000,-690000000,-410000000,60000000,60000000,None,220000000,220000000,None,None,None,None,-60000000,None,-908000000,46000000,701000000
97,2018Q2,197.32296875,198.87046875,195.9240625,197.540625,2066369.078125,1.6979,None,None,None,USD,1030000000,32361000000,31294000000,28131000000,1067000000,3155000000,None,3163000000,None,-37000000,None,37000000,32361000000,None,None,None,1059000000,309000000,37000000,762000000,609000000,1096000000,None,750000000,USD,39605000000,19693000000,5877000000,7044000000,10626000000,1593000000,None,19178000000,10932000000,None,None,None,None,None,1167000000,430000000,734000000,27158000000,19411000000,10705000000,None,None,None,None,None,6611000000,119000000,6492000000,None,3289000000,1255000000,12143000000,None,7176000000,4000000,438602000,USD,762000000,33000000,None,674000000,-17000000,327000000,585000000,None,26000000,762000000,-585000000,-266000000,10000000,54000000,54000000,None,219000000,None,None,None,None,None,-54000000,None,1096000000,-49000000,750000000
99,2018Q4,223.73968253968255,226.01936507936506,220.8939619047619,223.33031746031745,2834020.492063492,1.61,1.62,-0.01,-0.6173,USD,3688000000,35069000000,31381000000,30623000000,949000000,3475000000,None,3497000000,None,-36000000,None,36000000,35069000000,None,None,331000000,925000000,158000000,36000000,777000000,635000000,961000000,1280000000,767000000,USD,43814000000,22954000000,6778000000,7953000000,12205000000,1795000000,20860000000,19879000000,11265000000,None,None,None,None,None,1175000000,1001000000,981000000,30335000000,22473000000,13133000000,None,None,None,7862000000,None,6514000000,0,6480000000,6480000000,3586000000,1382000000,13167000000,None,8387000000,4000000,439157000,USD,2177000000,182000000,None,1822000000,1355000000,331000000,730000000,None,1324000000,777000000,-737000000,-700000000,193000000,32000000,32000000,None,501000000,501000000,None,None,None,None,-32000000,None,723000000,-17000000,767000000
100,2018Q4,223.73968253968255,226.01936507936506,220.8939619047619,223.33031746031745,2834020.492063492,2.36,2.36,0,0,USD,3688000000,35069000000,31381000000,30623000000,949000000,3475000000,None,3497000000,None,-36000000,None,36000000,35069000000,None,None,331000000,925000000,158000000,36000000,777000000,635000000,961000000,1280000000,767000000,USD,43814000000,22954000000,6778000000,7953000000,12205000000,1795000000,20860000000,19879000000,11265000000,None,None,None,None,None,1175000000,1001000000,981000000,30335000000,22473000000,13133000000,None,None,None,7862000000,None,6514000000,0,6480000000,6480000000,3586000000,1382000000,13167000000,None,8387000000,4000000,439157000,USD,2177000000,182000000,None,1822000000,1355000000,331000000,730000000,None,1324000000,777000000,-737000000,-700000000,193000000,32000000,32000000,None,501000000,501000000,None,None,None,None,-32000000,None,723000000,-17000000,767000000
101,2019Q1,218.3450819672131,220.01245901639345,216.69377049180326,218.72311475409836,2206182.8852459015,2.01,1.69,0.32,18.9349,USD,3908000000,35396000000,31488000000,30720000000,1203000000,3464000000,None,3473000000,None,-34000000,None,34000000,35396000000,None,None,None,1203000000,314000000,34000000,901000000,940000000,1237000000,None,889000000,USD,42799000000,21648000000,6080000000,7122000000,11356000000,1995000000,None,20145000000,11557000000,None,None,None,None,None,1042000000,1175000000,1006000000,28616000000,22450000000,10711000000,None,None,None,None,None,6525000000,1698000000,4794000000,None,4003000000,1372000000,13858000000,None,8916000000,4000000,440284000,USD,-219000000,563000000,None,None,-879000000,352000000,587000000,None,-875000000,901000000,-434000000,-49000000,69000000,117000000,117000000,None,0,None,None,None,None,None,-117000000,None,-698000000,4000000,889000000
102,2019Q2,248.91968253968255,250.63517142857143,247.35730158730158,249.22285714285715,1696482.0317460317,2.0468,None,None,None,USD,3731000000,34740000000,31009000000,30233000000,1122000000,3371000000,None,3385000000,None,-35000000,None,35000000,34740000000,None,None,None,1113000000,207000000,35000000,916000000,865000000,1148000000,None,906000000,USD,43752000000,22285000000,7013000000,8167000000,11304000000,1704000000,None,20475000000,11749000000,None,None,None,None,None,1154000000,1110000000,992000000,28932000000,22832000000,11331000000,None,None,None,None,None,6529000000,1699000000,4799000000,None,3993000000,1301000000,14486000000,None,9496000000,4000000,439859000,USD,2105000000,35000000,None,None,-34000000,336000000,672000000,None,-40000000,916000000,-774000000,-397000000,-96000000,46000000,46000000,None,251000000,None,None,None,0,None,-46000000,None,933000000,-1000000,906000000
104,2019Q4,297.17765625,298.85421875,295.26390625,297.2034375,1984287.84375,1.73,1.72,0.01,0.5814,USD,1057000000,37040000000,35983000000,32233000000,1061000000,3732000000,None,3750000000,None,-38000000,None,38000000,37040000000,None,None,4000000,1046000000,202000000,38000000,856000000,959000000,1084000000,1088000000,844000000,USD,51431000000,26643000000,9027000000,10020000000,13818000000,1711000000,24699000000,21237000000,12074000000,None,None,None,None,None,993000000,1094000000,954000000,35207000000,26265000000,14440000000,None,None,1700000000,8853000000,388000000,6833000000,1700000000,5107000000,9160000000,3956000000,1393000000,15861000000,None,10787000000,4000000,441818000,USD,2102000000,144000000,None,2664000000,2379000000,369000000,715000000,None,2384000000,856000000,-630000000,-836000000,122000000,30000000,30000000,None,573000000,573000000,None,None,None,None,-30000000,None,643000000,7000000,844000000
105,2019Q4,297.17765625,298.85421875,295.26390625,297.2034375,1984287.84375,2.69,2.54,0.15,5.9055,USD,1057000000,37040000000,35983000000,32233000000,1061000000,3732000000,None,3750000000,None,-38000000,None,38000000,37040000000,None,None,4000000,1046000000,202000000,38000000,856000000,959000000,1084000000,1088000000,844000000,USD,51431000000,26643000000,9027000000,10020000000,13818000000,1711000000,24699000000,21237000000,12074000000,None,None,None,None,None,993000000,1094000000,954000000,35207000000,26265000000,14440000000,None,None,1700000000,8853000000,388000000,6833000000,1700000000,5107000000,9160000000,3956000000,1393000000,15861000000,None,10787000000,4000000,441818000,USD,2102000000,144000000,None,2664000000,2379000000,369000000,715000000,None,2384000000,856000000,-630000000,-836000000,122000000,30000000,30000000,None,573000000,573000000,None,None,None,None,-30000000,None,643000000,7000000,844000000
106,2020Q1,302.93387096774194,307.7046774193548,299.15120967741933,303.4385483870968,3420945.9516129033,2.1,2.06,0.04,1.9417,USD,1262000000,39072000000,37810000000,34056000000,1266000000,3743000000,None,3754000000,None,-34000000,None,34000000,39072000000,None,None,4000000,1261000000,330000000,34000000,947000000,972000000,1295000000,1299000000,931000000,USD,48782000000,23703000000,7786000000,8715000000,11850000000,1988000000,None,21481000000,12380000000,None,None,None,None,None,929000000,1150000000,1002000000,31783000000,22695000000,11072000000,None,None,None,None,544000000,5624000000,500000000,5099000000,None,4600000000,1543000000,16614000000,None,11384000000,4000000,441622000,USD,619000000,344000000,None,-3201000000,-1986000000,389000000,545000000,None,-1990000000,947000000,-470000000,-1392000000,-139000000,47000000,47000000,None,0,None,None,None,None,None,-47000000,None,-1241000000,2000000,931000000
108,2020Q3,335.6371640625,338.5973484375,332.79749375,336.05609375,2261390.375,3.04,2.84,0.2,7.0423,USD,1878000000,53383000000,51454000000,46401000000,1929000000,5027000000,None,5053000000,None,-51000000,None,51000000,53383000000,None,None,505000000,1854000000,465000000,51000000,1404000000,1770000000,1905000000,2434000000,1389000000,USD,55556000000,28120000000,12277000000,13305000000,12242000000,1550000000,29016000000,21807000000,12896000000,988000000,None,988000000,1028000000,None,1028000000,1023000000,2841000000,36851000000,24844000000,14172000000,1851000000,936000000,810000000,12923000000,657000000,7657000000,95000000,7514000000,8467000000,3728000000,1935000000,18284000000,None,12879000000,4000000,441255000,USD,4242000000,885000000,None,2832000000,947000000,505000000,852000000,None,1056000000,1404000000,-941000000,-1918000000,282000000,85000000,85000000,None,619000000,619000000,None,None,0,None,-85000000,None,1451000000,68000000,1389000000
109,2020Q4,373.9099453125,376.71571562500003,370.91891875,373.63375,2214918.578125,2.3,2.05,0.25,12.1951,USD,1430000000,43208000000,41778000000,37458000000,1430000000,4320000000,None,4320000000,None,-39000000,None,39000000,43208000000,None,None,404000000,1405000000,239000000,39000000,1181000000,1362000000,1444000000,1834000000,1166000000,USD,60217000000,32096000000,13590000000,14423000000,14901000000,1646000000,28121000000,22288000000,None,None,None,None,None,None,833000000,1126000000,3048000000,44908000000,32667000000,17014000000,None,None,96000000,12241000000,None,7672000000,96000000,7529000000,10199000000,8535000000,2138000000,14860000000,None,9232000000,4000000,442955000,USD,2647000000,123000000,None,2785000000,2589000000,404000000,893000000,None,2580000000,1181000000,-682000000,-700000000,40000000,80000000,80000000,None,310000000,310000000,None,None,None,None,-80000000,None,1313000000,48000000,1166000000
110,2021Q1,348.45104426229506,351.31989180327867,345.0943557377049,348.10344262295087,3091206.868852459,2.14,2.45,-0.31,-12.6531,USD,1340000000,44769000000,43429000000,39078000000,1340000000,4351000000,None,4351000000,None,-40000000,None,40000000,44769000000,None,None,None,1299000000,348000000,40000000,971000000,1091000000,1339000000,None,951000000,USD,54918000000,26308000000,8637000000,9254000000,13865000000,1934000000,None,22531000000,None,None,None,None,None,None,617000000,1255000000,3192000000,38789000000,26564000000,14383000000,None,None,None,None,None,7661000000,95000000,7522000000,None,4365000000,2052000000,15652000000,None,9766000000,4000000,442654000,USD,38000000,710000000,None,-2594000000,-1088000000,416000000,573000000,None,-1100000000,971000000,-355000000,-4650000000,-107000000,106000000,106000000,None,4430000000,None,None,None,None,None,-106000000,None,-4953000000,14000000,951000000
111,2021Q2,377.6810920634921,380.42696507936506,375.4339523809524,378.14269841269845,1974738.6666666667,2.75,None,None,None,USD,1663000000,45277000000,43614000000,39415000000,1663000000,4199000000,None,4199000000,None,-40000000,None,40000000,45277000000,None,None,None,1637000000,417000000,40000000,1233000000,1272000000,1677000000,None,1220000000,USD,57274000000,27916000000,10226000000,11126000000,13975000000,1595000000,None,23177000000,None,None,None,None,None,None,900000000,1220000000,3306000000,40300000000,27982000000,15538000000,None,None,None,None,None,7630000000,92000000,7495000000,None,4807000000,2182000000,16482000000,None,10466000000,4000000,442141000,USD,3333000000,132000000,None,1065000000,46000000,402000000,1028000000,None,51000000,1233000000,-1343000000,-419000000,68000000,181000000,181000000,None,310000000,None,None,None,None,None,-181000000,None,1589000000,18000000,1220000000
112,2021Q3,439.0117046875,442.232078125,436.1898328125,439.6015625,1753180.71875,3.9,3.57,0.33,9.2437,USD,-84000000,62675000000,84000000,54733000000,2275000000,5667000000,None,84000000,None,-52000000,3000000,52000000,62675000000,None,None,559000000,2267000000,597000000,52000000,-168000000,1442000000,2319000000,2834000000,1670000000,USD,59268000000,29505000000,11258000000,12175000000,14215000000,1803000000,30759000000,23492000000,14166000000,996000000,294000000,996000000,1453000000,None,917000000,1312000000,3381000000,41190000000,29441000000,16278000000,2042000000,1798000000,999000000,10995000000,2642000000,7531000000,799000000,6692000000,8530000000,4561000000,2415000000,17564000000,None,11666000000,4000000,441825000,USD,2940000000,881000000,None,582000000,286000000,559000000,1094000000,None,361000000,1694000000,-1155000000,-719000000,228000000,129000000,129000000,None,698000000,698000000,None,None,0,None,-129000000,None,1032000000,-34000000,1670000000
113,2021Q4,510.7615171875,516.4426875,506.0913109375,512.179375,2175460.75,2.98,2.64,0.34,12.8788,USD,1575000000,50363000000,48788000000,43952000000,1693000000,4718000000,None,4836000000,None,-39000000,5000000,39000000,50363000000,None,None,432000000,1675000000,351000000,39000000,1345000000,1250000000,1714000000,2125000000,1324000000,USD,64149000000,33850000000,12751000000,13476000000,16942000000,1932000000,30299000000,23887000000,None,None,None,None,None,None,725000000,1500000000,3509000000,45149000000,33342000000,19561000000,None,None,799000000,11807000000,2649000000,7504000000,799000000,6667000000,10115000000,5079000000,2491000000,18463000000,None,12606000000,4000000,443434000,USD,3258000000,206000000,None,3389000000,2762000000,432000000,1055000000,None,2760000000,1345000000,-912000000,-839000000,-86000000,37000000,37000000,None,350000000,350000000,None,None,None,None,-37000000,None,1493000000,-14000000,1324000000
114,2022Q1,523.9231580645161,530.7463532258065,517.96615,524.7956451612903,2569394.8387096776,2.92,2.74,0.18,6.5693,USD,1812000000,51904000000,50092000000,45517000000,1812000000,4575000000,None,4575000000,None,-36000000,None,36000000,51904000000,None,None,None,1780000000,481000000,36000000,1320000000,1264000000,1816000000,None,1299000000,USD,63078000000,32565000000,11819000000,12296000000,16485000000,2232000000,None,24052000000,None,None,None,None,None,None,477000000,1552000000,3621000000,43102000000,31545000000,17089000000,None,None,None,None,None,6694000000,0,6658000000,None,6067000000,2311000000,19418000000,None,13474000000,4000000,443279000,USD,401000000,339000000,None,-2419000000,-425000000,436000000,723000000,None,-438000000,1320000000,-481000000,-828000000,79000000,78000000,78000000,None,0,None,None,None,None,None,-78000000,None,None,-24000000,1299000000
115,2022Q2,508.36290322580646,515.2463306451613,500.22220161290323,507.29387096774195,2981126.9677419355,3.04,3.03,0.01,0.33,USD,1791000000,52596000000,50805000000,46355000000,1791000000,4450000000,None,4450000000,None,-35000000,None,35000000,52596000000,None,None,None,1808000000,455000000,35000000,1372000000,997000000,1843000000,None,1353000000,USD,63852000000,33008000000,11193000000,11831000000,17623000000,1991000000,None,24143000000,None,None,None,None,None,None,638000000,1563000000,3970000000,43339000000,31845000000,17651000000,None,None,None,None,None,6618000000,77000000,6507000000,None,5948000000,2535000000,19968000000,None,14294000000,4000000,443029000,USD,1227000000,678000000,None,796000000,1298000000,431000000,854000000,None,1311000000,1372000000,-1035000000,-676000000,-13000000,139000000,139000000,None,351000000,None,None,None,None,None,-139000000,None,None,None,1353000000
116,2022Q3,520.2565625,525.8569515625,514.5677796875,520.13703125,2166649.84375,4.2,4.17,0.03,0.7194,USD,2369000000,72091000000,69722000000,63558000000,2497000000,6036000000,None,6164000000,None,-48000000,67000000,48000000,72175000000,None,None,594000000,2506000000,638000000,48000000,1878000000,1647000000,2554000000,3091000000,1868000000,USD,64166000000,32696000000,10203000000,11049000000,17907000000,2241000000,32463000000,24646000000,15286000000,993000000,None,993000000,1163000000,None,846000000,1499000000,4050000000,43519000000,31998000000,17848000000,2174000000,1156000000,1083000000,11521000000,2482000000,6106000000,73000000,6484000000,14230000000,5611000000,2555000000,20642000000,None,15585000000,2000000,442664000,USD,2506000000,1184000000,None,125000000,405000000,601000000,1259000000,None,370000000,1878000000,-1487000000,-1940000000,67000000,185000000,185000000,None,1005000000,797000000,None,None,0,None,-185000000,None,None,None,1868000000
117,2022Q4,488.7728571428571,493.9660619047619,483.0985174603175,488.6650793650794,2231074.698412698,3.1,3.11,-0.01,-0.3215,USD,1658000000,54437000000,52779000000,47769000000,1751000000,4917000000,None,5010000000,None,-34000000,19000000,34000000,54437000000,53000000,None,447000000,1770000000,406000000,34000000,1364000000,1268000000,1804000000,2198000000,1364000000,USD,66027000000,34150000000,10856000000,11673000000,18571000000,2312000000,31877000000,25144000000,None,None,None,None,1076000000,None,817000000,1594000000,3946000000,44551000000,33067000000,18348000000,2322000000,71000000,656000000,11484000000,2503000000,5887000000,71000000,6472000000,6543000000,6050000000,2509000000,21471000000,None,16412000000,2000000,443841000,USD,2610000000,266000000,None,487000000,739000000,447000000,1057000000,None,737000000,1364000000,-1057000000,-863000000,None,141000000,141000000,None,400000000,400000000,None,None,0,None,-141000000,None,690000000,None,1364000000
118,2023Q1,489.61725806451614,494.24817903225807,485.56441774193553,490.4538709677419,1959631.9193548388,3.3,3.21,0.09,2.8037,USD,None,55266000000,None,48423000000,1903000000,4940000000,None,None,None,None,None,34000000,None,None,None,None,1983000000,517000000,None,None,1719000000,2017000000,None,1466000000,USD,66848000000,34330000000,12970000000,13705000000,16081000000,2714000000,None,25724000000,None,None,None,None,None,None,735000000,1830000000,3935000000,44049000000,32516000000,16407000000,None,None,None,None,None,5971000000,76000000,6506000000,None,7122000000,2470000000,22794000000,None,17341000000,2000000,443550000,USD,3192000000,None,None,None,None,470000000,None,None,-2586000000,1466000000,-808000000,-352000000,None,143000000,None,None,0,None,None,None,None,None,None,None,None,None,1466000000
119,2023Q2,505.0692741935484,509.0345435483871,501.60107258064517,505.98983870967743,1812962.9032258065,2.93,3.3,-0.37,-11.2121,USD,None,53648000000,None,47175000000,1679000000,4794000000,None,None,None,None,None,36000000,None,None,None,None,1771000000,469000000,None,None,1294000000,1807000000,None,1302000000,USD,66752000000,34289000000,12493000000,13708000000,16324000000,2502000000,None,25931000000,None,None,None,None,None,None,1215000000,1755000000,3726000000,43179000000,31708000000,16853000000,None,None,None,None,None,5907000000,0,6497000000,None,6226000000,2467000000,23568000000,None,18035000000,2000000,443222000,USD,1541000000,None,None,None,None,472000000,None,None,253000000,1302000000,-1282000000,-735000000,None,162000000,None,None,399000000,None,None,None,None,None,None,None,None,None,1302000000
120,2023Q3,551.9433333333334,555.8202063492064,548.374453968254,551.9707936507937,1639220.634920635,4.86,4.79,0.07,1.4614,USD,9720000000,78939000000,69219000000,69219000000,2781000000,6939000000,None,6939000000,None,185000000,264000000,56000000,None,None,None,688000000,2963000000,803000000,None,2160000000,2035000000,3019000000,3707000000,2160000000,USD,68994000000,35879000000,13700000000,15234000000,16651000000,2285000000,34109000000,26684000000,16685000000,994000000,None,994000000,2435000000,None,1534000000,1709000000,3718000000,43936000000,33583000000,17483000000,2337000000,1081000000,6123000000,10353000000,2426000000,6819000000,1081000000,5377000000,12942000000,6254000000,2550000000,25058000000,None,19521000000,2000000,442793000,USD,3725000000,None,None,None,None,688000000,1556000000,None,368000000,2160000000,-1825000000,-664000000,0,230000000,0,None,452000000,452000000,None,None,0,None,0,None,None,None,2160000000
121,2023Q4,591.7259523809524,596.1551904761905,587.3332920634921,592.6904761904761,2046073.2063492064,3.58,3.42,0.16,4.6784,USD,1984000000,57799000000,55815000000,50457000000,1984000000,5358000000,None,5358000000,None,-38000000,160000000,38000000,57799000000,None,None,501000000,2106000000,517000000,38000000,1589000000,1551000000,2144000000,1984000000,1589000000,USD,73723000000,40080000000,17011000000,17864000000,18001000000,2542000000,33643000000,27168000000,None,None,None,None,1061000000,None,853000000,1673000000,3803000000,47576000000,36768000000,20357000000,2462000000,1080000000,1080000000,10808000000,2401000000,7314000000,1080000000,5866000000,6946000000,6188000000,2541000000,26147000000,None,20499000000,2000000,443787000,USD,4651000000,262000000,None,2854000000,1384000000,501000000,1040000000,None,1384000000,1589000000,-366000000,-974000000,-29000000,162000000,162000000,None,905000000,905000000,None,None,498000000,None,-162000000,None,None,None,1589000000
