,Quarter,1. open,2. high,3. low,4. close,5. volume,reportedEPS,estimatedEPS,surprise,surprisePercentage,reportedCurrency_x,grossProfit,totalRevenue,costOfRevenue,costofGoodsAndServicesSold,operatingIncome,sellingGeneralAndAdministrative,researchAndDevelopment,operatingExpenses,investmentIncomeNet,netInterestIncome,interestIncome,interestExpense,nonInterestIncome,otherNonOperatingIncome,depreciation,depreciationAndAmortization,incomeBeforeTax,incomeTaxExpense,interestAndDebtExpense,netIncomeFromContinuingOperations,comprehensiveIncomeNetOfTax,ebit,ebitda,netIncome_x,reportedCurrency_y,totalAssets,totalCurrentAssets,cashAndCashEquivalentsAtCarryingValue,cashAndShortTermInvestments,inventory,currentNetReceivables,totalNonCurrentAssets,propertyPlantEquipment,accumulatedDepreciationAmortizationPPE,intangibleAssets,intangibleAssetsExcludingGoodwill,goodwill,investments,longTermInvestments,shortTermInvestments,otherCurrentAssets,otherNonCurrentAssets,totalLiabilities,totalCurrentLiabilities,currentAccountsPayable,deferredRevenue,currentDebt,shortTermDebt,totalNonCurrentLiabilities,capitalLeaseObligations,longTermDebt,currentLongTermDebt,longTermDebtNoncurrent,shortLongTermDebtTotal,otherCurrentLiabilities,otherNonCurrentLiabilities,totalShareholderEquity,treasuryStock,retainedEarnings,commonStock,commonStockSharesOutstanding,reportedCurrency,operatingCashflow,paymentsForOperatingActivities,proceedsFromOperatingActivities,changeInOperatingLiabilities,changeInOperatingAssets,depreciationDepletionAndAmortization,capitalExpenditures,changeInReceivables,changeInInventory,profitLoss,cashflowFromInvestment,cashflowFromFinancing,proceedsFromRepaymentsOfShortTermDebt,paymentsForRepurchaseOfCommonStock,paymentsForRepurchaseOfEquity,paymentsForRepurchaseOfPreferredStock,dividendPayout,dividendPayoutCommonStock,dividendPayoutPreferredStock,proceedsFromIssuanceOfCommonStock,proceedsFromIssuanceOfLongTermDebtAndCapitalSecuritiesNet,proceedsFromIssuanceOfPreferredStock,proceedsFromRepurchaseOfEquity,proceedsFromSaleOfTreasuryStock,changeInCashAndCashEquivalents,changeInExchangeRate,netIncome_y
52,2009Q2,37.51707142857143,37.958152380952384,37.10628571428571,37.57333333333333,1942012.6984126985,0.33,0.33,0,0,USD,149800000,1426300000,1276500000,725100000,165000000,526400000,None,551400000,1700000,-15200000,1700000,16900000,None,None,None,84600000,149400000,50300000,16900000,99500000,234400000,166300000,190000000,99100000,USD,4928300000,1749900000,82700000,82700000,476700000,970600000,3178400000,1142900000,None,1675700000,319300000,1356400000,None,None,None,122200000,359800000,3124200000,1339900000,343700000,None,241800000,241800000,1776300000,None,842800000,None,842800000,1084600000,481900000,268300000,1804100000,2105200000,2707400000,328400000,236700000,USD,272000000,None,None,None,None,84600000,65800000,None,-22100000,99500000,-65900000,-205200000,-181300000,300000,None,None,33400000,33400000,None,None,None,None,-300000,None,3200000,2300000,99100000
53,2009Q3,41.85953125,42.30765625,41.489140625,41.99296875,2083973.4375,0.5,0.48,0.02,4.1667,USD,223000000,1546400000,1323400000,763900000,223000000,554100000,None,559500000,1300000,-16400000,None,16400000,None,None,None,83600000,207700000,62700000,16400000,145200000,164500000,224100000,307700000,145000000,USD,4988800000,1816000000,107500000,107500000,474800000,1013000000,3172800000,1149100000,None,1682000000,312200000,1369800000,None,None,None,126900000,341700000,3027000000,1292900000,367300000,None,121000000,121000000,1725900000,None,850000000,None,850000000,971000000,501800000,274200000,1961800000,2116300000,2819200000,329500000,237500000,USD,232100000,None,None,79500000,31400000,83600000,73700000,30500000,-5400000,145200000,-73000000,-136300000,-120300000,11100000,11100000,None,33100000,33100000,None,None,None,None,13900000,None,24800000,2000000,145000000
54,2009Q4,45.4546875,45.7811484375,45.066290625,45.3890625,1168309.375,0.61,0.6,0.01,1.6667,USD,195800000,1564500000,1368700000,781100000,195800000,577400000,86000000,587600000,1300000,-16400000,None,16400000,None,None,None,85700000,180200000,64400000,16400000,116300000,115800000,196600000,293000000,115800000,USD,5020900000,1814200000,73600000,73600000,493400000,1016100000,3206700000,1176200000,1690300000,1726600000,312500000,1414100000,28800000,None,None,147200000,303900000,3020000000,1250200000,360900000,None,98500000,74400000,1761100000,None,876700000,7900000,868800000,951100000,466900000,288600000,2000900000,2173400000,2898100000,329800000,236600000,USD,163500000,None,None,-19200000,2800000,85700000,98600000,-22000000,8700000,116300000,-97400000,-105000000,-24200000,57300000,57300000,None,33200000,33200000,None,None,None,None,-48000000,None,-33900000,5000000,115800000
55,2010Q1,43.75344262295082,44.13670655737705,43.39665573770492,43.78180327868853,1870619.6721311475,0.55,0.56,-0.01,-1.7857,USD,153800000,1432100000,1278300000,716700000,153800000,558100000,None,584500000,1300000,-16300000,None,16300000,None,None,None,86200000,138600000,43100000,16300000,95700000,21800000,154900000,157300000,95500000,USD,4769200000,1718300000,85300000,85300000,468900000,950200000,3050900000,1141800000,None,1637800000,295600000,1342200000,None,None,None,127700000,271300000,2908500000,1370000000,316000000,None,361100000,361100000,1530700000,None,677900000,None,677900000,1039000000,430100000,271600000,1860700000,2317900000,2957100000,330300000,233900000,USD,135400000,None,None,-108000000,-37300000,86200000,59600000,-19200000,-5000000,95700000,-57500000,-53900000,112700000,144700000,144700000,None,36800000,36800000,None,None,None,None,-131000000,None,11700000,-12300000,95500000
56,2010Q2,46.59134920634921,47.02111111111111,46.189904761904764,46.635714285714286,2400947.619047619,0.41,0.39,0.02,5.1282,USD,188200000,1504100000,1315900000,750000000,204300000,565300000,None,582000000,1100000,-16100000,None,16100000,None,None,None,91800000,189100000,59800000,16100000,129500000,56300000,205200000,204900000,129300000,USD,4663800000,1735300000,121300000,121300000,441300000,950100000,3027200000,1124000000,1648400000,1549900000,277800000,1272100000,26800000,None,None,138100000,254600000,2805500000,1339900000,324000000,None,326700000,121400000,1613900000,None,637000000,157300000,637000000,963700000,438000000,259300000,1858300000,2375100000,3050100000,331200000,233500000,USD,229600000,None,None,45600000,59100000,91800000,86900000,46000000,-7300000,129500000,-77400000,-109900000,-39500000,57300000,57300000,None,36600000,36600000,None,None,None,None,-36200000,None,36000000,-6300000,129300000
57,2010Q3,48.41796875,48.8206265625,48.088626562500004,48.55953125,1606293.75,0.56,0.56,0,0,USD,228800000,1545600000,1316800000,763400000,245100000,558500000,None,569700000,1400000,-16300000,None,16300000,None,None,None,81500000,230100000,55900000,16300000,174300000,234600000,246400000,240000000,174200000,USD,4861500000,1854500000,168400000,168400000,456500000,1019800000,3113500000,1137300000,1707000000,1605000000,291200000,1313800000,27600000,None,None,131200000,264700000,2897300000,1438600000,346900000,None,343600000,167400000,1575700000,None,647300000,156400000,647300000,990900000,455400000,230300000,1964200000,2517800000,3188400000,332500000,231900000,USD,273200000,None,None,50200000,48600000,81500000,70000000,47700000,10600000,174300000,-104900000,-121700000,16700000,143100000,143100000,None,36200000,36200000,None,None,None,None,-106000000,None,47100000,500000,174200000
58,2010Q4,49.78125,50.1081421875,49.3872046875,49.74875,1540667.1875,0.66,0.65,0.01,1.5385,USD,203600000,1575500000,1371900000,783700000,203600000,579700000,88000000,588200000,2700000,-16900000,None,16900000,None,None,None,88400000,189100000,57800000,16900000,131600000,178600000,206000000,303200000,131300000,USD,4872200000,1869900000,242300000,242300000,447600000,999600000,3115800000,1148300000,1724300000,282500000,282500000,1329300000,28400000,None,None,101500000,242200000,2743000000,1324800000,349300000,None,189200000,32400000,1517800000,None,845600000,156800000,656400000,878000000,441500000,192200000,2129200000,2521300000,3279100000,333100000,232500000,USD,312200000,None,None,34700000,-92100000,88400000,81200000,-35200000,-16900000,131600000,-63800000,-176700000,-156500000,3700000,3700000,None,35900000,35900000,None,None,None,None,13600000,None,73900000,2200000,131300000
59,2011Q1,49.215806451612906,49.615,48.80667741935484,49.23967741935484,1672354.8387096773,0.6,0.61,-0.01,-1.6393,USD,136700000,1503300000,1366600000,770400000,151700000,581600000,None,631000000,1500000,-15000000,None,15000000,None,None,79600000,91200000,138000000,44400000,15000000,93800000,160300000,153000000,180900000,93600000,USD,5262300000,1888900000,151400000,151400000,480200000,1042600000,3492200000,1192500000,1795600000,1904800000,439700000,1465100000,34800000,None,None,132500000,276100000,3051700000,1650200000,359700000,None,506400000,459500000,1505100000,None,683700000,7500000,683700000,1190100000,467600000,225400000,2210600000,2591500000,3332100000,333700000,231700000,USD,56100000,None,None,-36100000,24800000,91200000,72600000,-10200000,9600000,93800000,-377800000,219100000,465700000,70200000,70200000,None,40600000,40600000,None,None,None,None,-56400000,None,-90900000,11700000,93600000
60,2011Q2,52.84126984126984,53.258990476190476,52.47896984126984,52.9331746031746,1401904.761904762,0.45,0.44,0.01,2.2727,USD,183500000,1684000000,1500500000,860800000,198300000,609600000,None,654500000,1700000,-14800000,None,14800000,None,None,82800000,96700000,184900000,59000000,14800000,126200000,171700000,199700000,258500000,125900000,USD,5407400000,1994200000,163200000,163200000,495500000,1106700000,3521000000,1212700000,1867400000,1933100000,429800000,1503300000,35800000,None,None,136000000,267400000,3069200000,1639600000,400500000,None,403500000,361000000,1534500000,None,703300000,7800000,703300000,1106800000,527400000,227700000,2338200000,2643200000,3417500000,334900000,231900000,USD,246000000,None,None,29600000,52400000,96700000,85100000,44500000,7200000,126200000,-86600000,-155600000,-103400000,52000000,52000000,None,40600000,40600000,None,None,None,None,-15100000,None,11800000,8000000,125900000
61,2011Q3,50.9673421875,51.5046859375,50.240575,50.88265625,4037956.25,0.64,0.64,0,0,USD,223700000,1720200000,1496500000,877900000,239600000,595300000,None,634500000,2700000,-15900000,None,15900000,None,None,82900000,13700000,226200000,71900000,15900000,154500000,153000000,239600000,255800000,154300000,USD,5505600000,2091000000,207300000,207300000,504900000,1143100000,3528300000,1218200000,1919700000,1922800000,418800000,1504000000,36100000,None,None,149200000,273600000,3038600000,1617700000,413400000,None,336800000,305000000,1519000000,None,700200000,7200000,700200000,1037000000,531000000,222000000,2467000000,2643400000,3531200000,335100000,232100000,USD,154500000,None,None,29200000,65600000,97100000,87100000,39800000,11200000,154500000,-800000,-106200000,-65300000,300000,300000,None,41100000,41100000,None,None,None,None,9200000,None,44100000,-1000000,154300000
62,2011Q4,54.20468253968254,54.77252857142857,53.69844444444444,54.287301587301585,3054771.4285714286,0.75,0.75,0,0,USD,164200000,1845300000,1681100000,966500000,164200000,651600000,96000000,714600000,2000000,-36400000,None,36400000,None,None,86100000,23000000,129700000,41000000,36400000,88800000,-95500000,164200000,189100000,88700000,USD,18184700000,5396000000,1843600000,1843600000,1069600000,2095300000,12985100000,2295400000,1881700000,4275200000,4275200000,5855300000,158800000,None,None,223500000,362800000,12443600000,3166300000,815700000,None,1023000000,1016400000,10719500000,None,7600000000,6600000,6613200000,8616400000,748700000,1490700000,5666700000,1865200000,3559900000,336100000,292000000,USD,88800000,286400000,None,-46700000,59500000,110700000,121200000,31900000,8100000,88800000,-1472600000,2976500000,610100000,567500000,567500000,None,40600000,40600000,None,None,None,None,-538700000,None,88800000,-12400000,88700000
63,2012Q1,60.387256451612906,60.78414032258065,60.05461290322581,60.48774193548387,1760832.2580645161,0.7,0.7,0,0,USD,77100000,2722200000,2645100000,1614000000,165800000,989700000,None,1147100000,2600000,-88700000,None,88700000,None,None,115500000,59300000,85300000,35600000,88700000,44100000,144800000,174000000,233300000,49700000,USD,16861700000,3959800000,354000000,354000000,1087400000,2049000000,13031900000,2331600000,1972200000,10184600000,4237800000,5946800000,161900000,None,None,286200000,385700000,11056600000,3506600000,805100000,None,1346900000,1340000000,8880700000,None,4917900000,6900000,4911000000,4917900000,808700000,1474300000,5733200000,1955600000,3551300000,337500000,291900000,USD,110500000,7100000,None,-66000000,-4100000,177200000,128500000,-30500000,-18600000,44100000,-137300000,-1469800000,319600000,85300000,85300000,None,61200000,61200000,None,None,None,None,-45800000,None,-2979200000,7000000,49700000
64,2012Q2,63.96476190476191,64.51659365079365,63.53193492063492,64.09269841269841,1533223.5873015872,0.5,0.48,0.02,4.1667,USD,260400000,2892600000,2632200000,1608900000,326500000,981700000,None,1089400000,2200000,-66100000,None,66100000,None,None,116300000,59500000,263700000,79200000,66100000,183400000,-38200000,329800000,389300000,184500000,USD,16465400000,3908500000,304900000,304900000,1071700000,2076900000,12624400000,2285100000,1956800000,9962700000,4140900000,5821800000,149100000,None,None,265500000,309100000,10763200000,3450700000,785100000,None,1445300000,1439100000,8611400000,None,4885400000,6200000,4879200000,4885400000,761200000,1439300000,5621800000,2059100000,3677500000,339700000,292500000,USD,183400000,17300000,None,-71000000,115400000,59500000,134000000,103500000,22900000,183400000,13500000,15700000,106800000,105600000,105600000,None,59700000,59700000,None,None,None,None,-47100000,None,196900000,-22400000,184500000
65,2012Q3,65.67998095238096,66.0910634920635,65.15339365079366,65.67460317460318,1410803.1746031747,0.72,0.72,0,0,USD,275100000,2956500000,2681400000,1616400000,401200000,977700000,None,1131800000,2600000,-66800000,None,66800000,None,None,116700000,59300000,335700000,97700000,66800000,239300000,357800000,401200000,461800000,238000000,USD,16722800000,4072900000,324000000,324000000,1103800000,2199000000,12672400000,2334200000,2060000000,9997000000,4103300000,5893700000,154900000,None,None,259800000,318700000,10696600000,2818700000,858600000,None,631000000,625200000,9225000000,None,5386700000,5800000,None,6017700000,796500000,1494200000,5945400000,2060500000,3856900000,340100000,292900000,USD,239300000,3700000,None,190500000,139400000,59300000,149100000,101700000,23100000,239300000,15600000,-361700000,-816000000,2200000,2200000,None,59600000,59600000,None,None,None,None,13500000,None,254900000,5700000,238000000
66,2012Q4,69.47516129032257,70.01399838709678,68.9802064516129,69.58064516129032,1294232.2580645161,0.87,0.87,0,0,USD,395800000,3045800000,2650000000,1644200000,395800000,971100000,183000000,1005800000,1500000,-64000000,None,64000000,None,None,119700000,59000000,330200000,98800000,64000000,234500000,124400000,395800000,453200000,231400000,USD,17572300000,4892000000,1157800000,1157800000,1088100000,2225100000,12687300000,2409100000,2079000000,9964600000,4044100000,5920500000,158900000,None,None,215800000,306600000,11412200000,3052700000,879700000,None,805800000,638200000,9615200000,None,6071300000,167600000,5903700000,3409000000,771000000,1402900000,6077000000,2075100000,4020600000,342100000,294700000,USD,234500000,523600000,None,51700000,-77600000,180900000,195900000,15000000,-25400000,234500000,-73000000,422200000,2300000,16800000,16800000,None,126300000,126300000,None,None,499600000,None,33200000,None,234500000,2400000,231400000
67,2013Q1,75.42383333333333,75.98619166666667,74.96079166666667,75.56033333333333,1050826.6666666667,0.89,0.89,0,0,USD,136200000,2807100000,2670900000,1539700000,261700000,1021000000,None,1206700000,3500000,-65000000,None,65000000,-23400000,None,122600000,60500000,198800000,39200000,65000000,161000000,119400000,261700000,324300000,159600000,USD,17296200000,4603400000,824300000,824300000,1145300000,2182100000,12699900000,2415500000,2095000000,9931000000,4022500000,5908500000,163500000,None,None,250400000,346300000,11063700000,2684200000,845000000,None,497100000,328700000,9647900000,None,5737100000,168400000,None,6234200000,828600000,1423200000,6161700000,2094700000,4112300000,343600000,296000000,USD,186000000,12300000,None,-103200000,74500000,185300000,135500000,-30100000,54200000,161000000,-220800000,-293500000,-310000000,22200000,22200000,None,4500000,4500000,None,None,200000,None,9800000,None,-667000000,-5200000,159600000
68,2013Q2,84.37015625,84.972125,83.8000953125,84.4175,1171085.9375,0.6,0.59,0.01,1.6949,USD,208900000,3269000000,3060100000,1810200000,352300000,1101700000,None,1300300000,2600000,-68800000,None,68800000,0,None,127800000,74600000,283400000,70300000,68800000,215800000,146100000,352300000,426800000,213100000,USD,19654300000,4698200000,375200000,375200000,1373300000,2436300000,14965900000,2779100000,2141600000,11807300000,4945000000,6862300000,184500000,None,None,309800000,369700000,12915600000,3245500000,912000000,None,872900000,704500000,11328400000,None,6635300000,168400000,None,7508200000,935600000,1803200000,6667500000,1960400000,4255900000,344100000,301400000,USD,215800000,5600000,None,-116500000,80800000,74600000,145800000,25100000,18400000,215800000,21100000,851300000,377600000,153500000,153500000,None,67900000,67900000,None,None,899900000,None,-129300000,None,236900000,500000,213100000
69,2013Q3,92.87421875,93.528090625,92.3376203125,93.029375,923070.3125,0.86,0.84,0.02,2.381,USD,327800000,3414800000,3087000000,1866100000,476000000,1114100000,None,1273400000,2200000,-69200000,None,69200000,100000,None,130900000,79000000,409800000,101800000,69200000,307200000,188800000,476000000,558000000,308000000,USD,19613600000,4796000000,394400000,394400000,1378100000,2488900000,14864300000,2786100000,2211100000,11663900000,4851100000,6812800000,182800000,None,None,338000000,367600000,12767700000,3200600000,926600000,None,713200000,542300000,11225400000,None,6879100000,170900000,6708200000,7250500000,985900000,1787400000,6776400000,2009700000,4494700000,344600000,301300000,USD,307200000,8300000,None,149900000,116800000,79000000,167800000,75300000,19700000,307200000,-158600000,-363500000,-158200000,52800000,52800000,None,71200000,71200000,None,None,0,None,-31300000,None,307200000,5100000,308000000
70,2013Q4,103.91140625,104.602571875,103.169490625,103.95171875,931907.8125,1.04,1.03,0.01,0.9709,USD,470600000,3559500000,3088900000,1945200000,470600000,1123500000,188000000,1125100000,2200000,-69800000,None,69800000,-1800000,None,132900000,78900000,400500000,113400000,69800000,289600000,668000000,470600000,549200000,287100000,USD,19636500000,4698400000,339200000,339200000,1321900000,2568000000,15060000000,2882000000,2270600000,11648200000,4785300000,6862900000,191400000,None,None,306300000,407900000,12227100000,3488700000,1021900000,None,861000000,355700000,10502800000,None,7054100000,505300000,6548800000,6904500000,953800000,1899300000,7344300000,2086600000,4699000000,345100000,301100000,USD,289600000,703500000,None,119800000,-25500000,214400000,213200000,77100000,-61800000,289600000,-200400000,-486900000,-187700000,79100000,79100000,None,74500000,74500000,None,None,0,None,-59800000,None,708200000,1500000,287100000
71,2014Q1,104.67754098360656,105.5086737704918,103.9661344262295,104.74983606557376,1167447.5409836066,1.04,1.05,-0.01,-0.9524,USD,205500000,3269300000,3063800000,1819200000,350900000,1136900000,None,1311900000,2200000,-67300000,None,67300000,None,None,136500000,78100000,282300000,91300000,67300000,194500000,122900000,350900000,427700000,191000000,USD,19563400000,4703000000,300300000,300300000,1367100000,2519600000,14979800000,2889000000,2374200000,11557900000,4701300000,6856600000,190800000,None,None,345200000,413500000,12290300000,3904400000,951200000,None,1507400000,752400000,10143200000,None,7206600000,755000000,6451600000,7204000000,881800000,1893400000,7210500000,2326800000,4807200000,346400000,300200000,USD,214400000,22900000,None,-127400000,61400000,216800000,150900000,-38300000,54800000,194500000,-174400000,-73100000,397500000,242600000,242600000,None,85900000,85900000,None,None,0,None,-218600000,None,-482400000,-5800000,191000000
72,2014Q2,107.1688888888889,107.78339682539684,106.44038888888889,107.1668253968254,867323.8095238095,0.74,0.74,0,0,USD,366900000,3499600000,3132700000,1909400000,512200000,1152700000,None,1291900000,2400000,-68600000,None,68600000,None,None,139600000,76700000,442400000,131000000,68600000,315000000,333900000,512200000,587700000,311400000,USD,19613800000,4772100000,187000000,187000000,1414300000,2637300000,14958900000,2938900000,2468400000,11498800000,4635900000,6862900000,194200000,None,None,366200000,404000000,12153700000,3966900000,1004500000,None,1589700000,834800000,9909400000,None,7048900000,754900000,6294000000,7128800000,836500000,1850300000,7402900000,2420700000,5036300000,346700000,299600000,USD,315000000,8000000,None,-21700000,160000000,76700000,186300000,117700000,52400000,315000000,15200000,-246800000,80100000,94000000,94000000,None,86400000,86400000,None,None,0,None,-87100000,None,-74400000,900000,311400000
73,2014Q3,112.5315625,113.0989828125,112.00029375,112.57875,752768.890625,1.03,1.02,0.01,0.9804,USD,437100000,3628800000,3191700000,1970600000,571400000,1145900000,None,1221100000,2800000,-66100000,None,66100000,-200000,None,141300000,75200000,503600000,138700000,66100000,369400000,339700000,571400000,644900000,364900000,USD,19685800000,4871800000,197800000,197800000,1464400000,2694400000,14927700000,2978500000,2546800000,11432200000,4583100000,6849100000,None,None,None,349100000,403300000,11919500000,4455000000,1047300000,None,1922800000,667000000,9142900000,None,7385600000,1255800000,6129800000,6796800000,855900000,1805500000,7697900000,2423300000,5318700000,347200000,300100000,USD,369400000,10800000,None,221800000,162500000,75200000,183400000,84100000,61500000,369400000,52500000,-393800000,-167400000,4400000,4400000,None,86600000,86600000,None,None,0,None,16200000,None,10800000,-2900000,364900000
74,2014Q4,109.57359375,110.438965625,108.539115625,109.39296875,1445208.75,1.21,1.2,0.01,0.8333,USD,558800000,3680800000,3122000000,1979900000,520500000,1142100000,197000000,1142100000,4000000,-66000000,None,66000000,3400000,None,140700000,75000000,450700000,115200000,66000000,343300000,-240400000,520500000,591700000,335500000,USD,19427400000,4853000000,209600000,209600000,1466900000,2626700000,14638600000,3050600000,2490800000,11173800000,4456800000,6717000000,57400000,None,None,366600000,350000000,12045300000,4367900000,1162400000,None,1704800000,949900000,9209500000,None,6353200000,754900000,5598300000,3375000000,851700000,1645500000,7315900000,2509500000,5555100000,347700000,299900000,USD,343300000,791700000,None,237000000,108600000,218000000,273300000,11900000,42100000,343300000,-283400000,-357300000,289400000,87600000,87600000,None,85500000,85500000,None,None,0,None,-73700000,None,11800000,-18100000,335500000
75,2015Q1,109.35704918032786,110.27672131147541,108.54398688524591,109.57803278688525,1583435.262295082,1.2,1.2,0,0,USD,257200000,3232400000,2975200000,1765300000,387700000,1136800000,None,1209900000,2700000,-65200000,None,65200000,None,None,142100000,73100000,323200000,89800000,65200000,235400000,-2200000,387700000,461500000,233400000,USD,19252000000,4921800000,237900000,237900000,1503000000,2677800000,14378500000,3115100000,2571400000,10855700000,4326700000,6529000000,137000000,None,None,461200000,359400000,12316000000,4121000000,950600000,None,1797500000,1281600000,9709000000,None,6440500000,515900000,5924600000,7206200000,866700000,1645500000,6871000000,2862000000,5690400000,348700000,297800000,USD,212200000,19700000,None,-211200000,141300000,217200000,173600000,12400000,83600000,235400000,-169000000,85900000,335700000,412600000,412600000,None,99800000,99800000,None,None,599700000,None,-389600000,None,28300000,-1100000,233400000
76,2015Q2,114.96730158730158,115.64570634920635,114.27724126984127,114.98523809523809,1084687.9682539683,0.8,0.81,-0.01,-1.2346,USD,367000000,3325600000,2958600000,1806500000,437800000,1079200000,None,1152100000,2300000,-63500000,None,63500000,None,None,143700000,72900000,369800000,67800000,63500000,308800000,294400000,437800000,506200000,302000000,USD,19217300000,4971100000,310600000,310600000,1462700000,2723000000,14295800000,3123400000,2667400000,10744400000,4231000000,6513400000,145900000,None,None,538400000,378400000,12337800000,4446100000,961000000,None,2185300000,1394900000,9388400000,None,6705000000,790400000,5914600000,7309500000,828900000,1627900000,6811600000,3238900000,5894700000,349300000,295100000,USD,308800000,11700000,None,-77100000,-39100000,72900000,168200000,-34600000,-17600000,308800000,-4800000,-269900000,113900000,313700000,313700000,None,102700000,102700000,None,None,0,None,-287700000,None,72700000,-10500000,302000000
77,2015Q3,111.9546875,112.87725,110.96899375,111.898125,1238279.90625,1.08,1.08,0,0,USD,421500000,3384800000,2963300000,1820000000,413000000,1070700000,None,1143300000,4000000,-61600000,None,61600000,30200000,None,136900000,72600000,363100000,105300000,61600000,250100000,48300000,413000000,497300000,257800000,USD,18883300000,4642400000,184800000,184800000,1439200000,2570500000,14265700000,3212200000,2757600000,10671600000,4172400000,6499200000,84100000,None,None,333400000,357100000,12040700000,3556600000,1034500000,None,1009100000,722400000,9934300000,None,6327100000,286700000,6040400000,6762800000,944300000,1583600000,6783200000,3239500000,6055000000,349500000,295300000,USD,250100000,4800000,None,358300000,66600000,72600000,234500000,33800000,11400000,250100000,-114800000,-638800000,-677000000,1500000,1500000,None,99100000,99100000,None,None,625300000,None,7300000,None,-125800000,-36500000,257800000
78,2015Q4,117.40718749999999,118.47735625,116.5370484375,117.61578125,1271001.015625,1.28,1.28,0,0,USD,521500000,3412000000,2890500000,1831700000,322800000,1058800000,191000000,1058800000,1100000,-63400000,None,63400000,0,None,136800000,73400000,246500000,37600000,63400000,222900000,190200000,322800000,383300000,208900000,USD,18641700000,4447500000,92800000,92800000,1388200000,2527800000,14222200000,3228300000,2727200000,10600000000,4109200000,6490800000,101400000,None,None,326300000,365900000,11661300000,4764400000,1049600000,None,2205300000,635900000,8275500000,None,7399000000,1569400000,5829600000,2959000000,948300000,238400000,6909900000,3263500000,6160300000,350300000,296000000,USD,-736400000,791900000,None,-7700000,-27100000,212400000,238900000,12400000,-28800000,222900000,-366700000,-328100000,-84700000,27300000,27300000,None,99100000,99100000,None,None,-1300000,None,-2000000,None,-92000000,-1800000,208900000
79,2016Q1,106.16245901639344,107.35611967213114,104.95933934426229,106.24229508196721,1618698.7540983607,1.22,1.24,-0.02,-1.6129,USD,236300000,3028500000,2792200000,1631400000,371500000,1088200000,None,1160800000,2800000,-68900000,None,68900000,None,None,139600000,72600000,304200000,73400000,68900000,232000000,111200000,371500000,445700000,230800000,USD,18341800000,4194900000,268500000,268500000,1386100000,2372100000,14176500000,3227000000,2828000000,10506000000,4031100000,6474900000,63400000,None,None,291500000,413900000,11689700000,4159500000,986100000,None,1756600000,306100000,7530200000,None,7983800000,1450500000,6533300000,6839400000,922800000,228600000,6581400000,3609800000,6288300000,351000000,293300000,USD,611200000,6700000,None,-125900000,-106700000,212200000,148700000,-113300000,1200000,232000000,-322900000,-145400000,-329600000,389900000,389900000,None,108000000,108000000,None,None,794100000,None,-380600000,None,175700000,-500000,230800000
80,2016Q2,116.44109375,117.2212859375,115.6899609375,116.57546875,1142008.71875,0.77,0.76,0.01,1.3158,USD,367200000,3245700000,2878500000,1785200000,412500000,1093300000,None,1093300000,6200000,-71500000,None,71500000,None,None,136400000,72700000,342000000,83600000,71500000,263600000,308600000,412500000,486200000,258400000,USD,18224600000,4095400000,167400000,167400000,1331700000,2435000000,14178800000,3257300000,2969500000,10482700000,3978300000,6504400000,38600000,None,None,278300000,389200000,11555000000,4238400000,977800000,None,1749900000,294100000,7316600000,None,8008600000,1455800000,6552800000,6846900000,964200000,227800000,6600500000,3884100000,6444600000,351600000,291600000,USD,-21600000,12900000,None,82700000,-16100000,72700000,177200000,50800000,-41800000,263600000,-173000000,-331800000,-12800000,248000000,248000000,None,109600000,109600000,None,None,-300000,None,-216600000,None,-101100000,1400000,258400000
81,2016Q3,120.71796875,121.3312171875,120.0156609375,120.7190625,837203.109375,1.08,1.08,0,0,USD,436400000,3317100000,2880700000,1737200000,574100000,1071600000,None,1143500000,4100000,-69000000,None,69000000,None,None,144900000,71900000,503800000,129700000,69000000,379500000,414500000,574100000,644700000,374100000,USD,18378800000,4172000000,180600000,180600000,1342400000,2470400000,14246900000,3292900000,3073300000,10429800000,3914300000,6515500000,30900000,None,None,299400000,484100000,11437000000,4174000000,1022700000,None,1571200000,114300000,7263000000,None,8005200000,1456900000,6548300000,6662600000,991000000,226400000,6869600000,3983200000,6716700000,352300000,291600000,USD,616900000,19900000,None,139600000,64400000,71900000,184900000,24700000,6000000,379500000,-257900000,-346200000,-180000000,99900000,99900000,None,106900000,106900000,None,None,0,None,-78300000,None,13200000,400000,374100000
82,2016Q4,117.13285714285715,117.7777,116.40535714285714,117.04873015873015,905849.1428571428,1.28,1.28,0,0,USD,560700000,3352100000,2791400000,1745100000,556900000,1046300000,189000000,1046300000,7700000,-76000000,None,76000000,None,None,140100000,72800000,482900000,116600000,76000000,372000000,105100000,556900000,631700000,366300000,USD,18330200000,4279400000,327400000,327400000,1319400000,2446200000,14099500000,3365000000,3077600000,10200800000,3817800000,6383000000,67700000,None,None,291400000,485000000,11359300000,3019400000,983200000,None,541300000,29900000,8339900000,None,7168500000,511400000,6657100000,3047000000,891200000,204800000,6901100000,3984400000,6975000000,352600000,291800000,USD,448000000,630200000,None,-52200000,73600000,212600000,246000000,36900000,15800000,372000000,-191800000,-44800000,-84000000,1800000,1800000,None,103000000,103000000,None,None,1596200000,None,12700000,None,146800000,-8700000,366300000
83,2017Q1,122.01612903225806,122.79727419354838,121.46716774193548,122.25935483870968,957554.6612903225,1.25,1.27,-0.02,-1.5748,USD,232800000,3095000000,2862200000,1842900000,357200000,956100000,None,1170700000,4100000,-66600000,None,66600000,3162400000,None,142200000,73800000,307700000,54200000,66600000,256800000,330700000,357200000,448100000,253500000,USD,19223000000,4307300000,212100000,212100000,1428300000,2456800000,14981700000,3424900000,3194700000,11033800000,4086000000,6947800000,73800000,None,None,308900000,457000000,12344500000,4205300000,1039300000,None,1699400000,890100000,8139200000,None,5841600000,809300000,None,7541000000,908000000,207000000,6809400000,4315400000,7123100000,353500000,290000000,USD,425700000,23000000,None,-60600000,4900000,216000000,167500000,-76300000,67500000,257300000,-995300000,395500000,858800000,374500000,374500000,None,113200000,113200000,None,None,0,None,-348800000,None,-115300000,5000000,253500000
84,2017Q2,129.08619047619047,129.76444444444445,128.62201587301587,129.1942857142857,958525.0158730159,0.8,0.81,-0.01,-1.2346,USD,335000000,3399000000,3064000000,2036600000,419600000,967000000,None,1192400000,4100000,-63700000,None,63700000,3460000000,None,144100000,77100000,377100000,80500000,63700000,298100000,286500000,419600000,517900000,296600000,USD,19523400000,4532100000,260700000,260700000,1469800000,2578400000,15025500000,3497400000,3289100000,11065400000,4061600000,7003800000,45500000,None,None,354800000,428500000,12534700000,4318400000,1123600000,None,1770600000,959800000,8216300000,None,5909300000,810800000,None,7679900000,925800000,238200000,6919700000,4478600000,7312600000,354100000,289400000,USD,434000000,14000000,None,-39000000,84500000,77100000,210700000,60300000,28300000,296300000,-208600000,-169500000,51000000,126600000,126600000,None,109700000,109700000,None,None,0,None,-97700000,None,48600000,-7300000,296600000
85,2017Q3,131.62174603174603,132.13169523809523,130.85825555555556,131.4920634920635,822585.0158730159,1.13,1.13,0,0,USD,446400000,3502600000,3056200000,2055700000,564100000,939800000,None,1164900000,5600000,-60700000,None,60700000,3564500000,None,150700000,77600000,521700000,129300000,60700000,395800000,472200000,564100000,660000000,392400000,USD,19856700000,4614500000,209100000,209100000,1509000000,2689100000,15277800000,3617200000,3405600000,11194000000,4039600000,7154400000,29000000,None,None,363200000,431000000,12557500000,3756600000,1115900000,None,1073000000,262200000,8800900000,None,6484500000,810800000,None,7557500000,1006200000,302500000,7222300000,4563100000,7598000000,354200000,288900000,USD,585200000,94000000,None,49400000,42600000,77600000,215800000,39500000,21100000,396600000,-218000000,-426500000,-722000000,86600000,86600000,None,107400000,107400000,None,None,0,None,-78200000,None,-51600000,7700000,392400000
86,2017Q4,133.07396825396825,133.7617380952381,132.35904285714284,133.0390476190476,1022254.9047619047,1.37,1.36,0.01,0.7353,USD,576100000,3650700000,3074600000,2129000000,609200000,962400000,201000000,1123900000,5800000,-83600000,None,83600000,3649000000,None,148700000,79500000,545700000,-20200000,61700000,571700000,484700000,609200000,708800000,565900000,USD,19963500000,4594300000,211400000,211400000,1446500000,2703300000,15407700000,3707100000,3429200000,11184700000,4017600000,7167100000,28800000,None,None,365000000,477400000,12309700000,3475200000,1177100000,79000000,564400000,14700000,8841900000,None,7857700000,549700000,7308000000,2761000000,1000700000,415300000,7583600000,4575000000,8011600000,354700000,289300000,USD,646400000,511100000,None,316100000,94200000,227800000,274600000,68300000,-31400000,568400000,-305100000,-322200000,-231500000,12600000,12600000,None,118400000,118400000,None,None,814400000,None,8200000,None,2300000,-16800000,565900000
87,2018Q1,134.4577049180328,135.57934426229508,133.40622950819673,134.47409836065574,1381334.262295082,1.39,1.39,0,0,USD,239100000,3409900000,3170800000,2072300000,354300000,1018300000,None,1088700000,4600000,-61000000,None,61000000,3470900000,19400000,150900000,80200000,316400000,69100000,61000000,248200000,332400000,354300000,457600000,247300000,USD,20184300000,4596800000,175500000,175500000,1541800000,2692300000,15633100000,3779900000,3548300000,11315200000,4012200000,7303000000,6700000,None,None,305200000,492400000,12514400000,3982800000,1229100000,None,1017800000,372100000,8531600000,None,6397700000,645700000,None,7415500000,1068900000,453400000,7601000000,4789700000,8097000000,355500000,288500000,USD,487200000,30900000,None,22400000,44300000,231100000,203300000,-33900000,77200000,248200000,-255800000,-265000000,354300000,215100000,215100000,None,123400000,123400000,None,None,0,None,-186700000,None,-33600000,None,247300000
88,2018Q2,144.07984375,145.26265625,143.0652125,144.24453125,1264865.34375,0.91,0.89,0.02,2.2472,USD,366400000,3629400000,3263000000,2146100000,494600000,1036800000,None,1106900000,3900000,-60200000,None,60200000,3689600000,19600000,154600000,80100000,455600000,104300000,60200000,353600000,316900000,494600000,595900000,351300000,USD,19951600000,4607900000,54200000,54200000,1557600000,2772000000,15390700000,3758700000,3611900000,11100700000,3909800000,7190900000,18500000,None,None,360700000,484300000,12043100000,3623800000,1242100000,87300000,874500000,227000000,8419300000,None,6343100000,647500000,None,7217600000,984900000,406900000,7849500000,4789200000,8329900000,355900000,288900000,USD,298500000,18900000,None,-133200000,210200000,80100000,209200000,122400000,41700000,353600000,-188600000,-241500000,-131600000,700000,700000,None,128900000,128900000,None,None,0,None,21300000,None,353600000,None,351300000
89,2018Q3,148.074126984127,148.955873015873,147.38396825396825,148.26984126984127,901118.9682539683,1.27,1.27,0,0,USD,454900000,3688900000,3234000000,2190700000,516200000,964700000,None,1033800000,2600000,-58300000,None,58300000,3747200000,21000000,156000000,78600000,478600000,43200000,58300000,438300000,262700000,516200000,615500000,435400000,USD,19962600000,4822300000,203600000,203600000,1587900000,2827200000,15188900000,3778000000,3678600000,10898800000,3820400000,7078400000,33200000,None,None,378100000,463500000,11979600000,3589800000,1195300000,81900000,769400000,119700000,8389800000,None,6334800000,649700000,None,7104200000,1046600000,376300000,7929400000,4894600000,8646900000,356500000,288900000,USD,664700000,14000000,None,-10800000,100900000,78600000,221600000,72800000,52300000,438300000,-204500000,-313000000,-107000000,105600000,105600000,None,118500000,118500000,None,None,0,None,-70200000,None,438300000,None,435400000
90,2018Q4,152.8322222222222,154.3836507936508,151.04206349206348,152.7115873015873,1268162.6984126985,1.53,1.54,-0.01,-0.6494,USD,594900000,3760500000,3165600000,2216800000,581900000,948800000,216000000,948800000,3800000,-57700000,-1700000,56000000,3760500000,19900000,74400000,78100000,542800000,147700000,57700000,210200000,398800000,581900000,676900000,395100000,USD,20074500000,4677700000,114700000,114700000,1546400000,2806700000,15447600000,3836000000,3603500000,9191800000,3797700000,5394100000,54600000,None,None,354100000,685100000,12020900000,3685600000,1255600000,75800000,743600000,342200000,8335300000,None,7104400000,401400000,6703000000,2865000000,1006100000,324800000,8003200000,5134800000,8909500000,357000000,287700000,USD,827300000,597800000,None,187700000,30500000,237900000,213000000,2800000,-70700000,400200000,-381100000,-353200000,226100000,241000000,241000000,None,125700000,124000000,None,None,0,None,-212300000,None,400200000,None,395100000
91,2019Q1,162.16918032786884,163.37868852459016,161.120637704918,162.41868852459015,1045744.655737705,1.54,1.54,0,0,USD,334000000,3552200000,3218200000,1675500000,313600000,896100000,None,1121500000,6700000,-56100000,6700000,56100000,3608300000,21200000,159000000,79800000,326400000,29900000,56100000,251600000,384500000,313600000,462300000,296500000,USD,20927600000,4751000000,79000000,79000000,1645600000,2831600000,15661900000,3878600000,3788900000,11201500000,3877300000,7324200000,41700000,None,None,334800000,525600000,12660700000,4156000000,1237700000,85400000,1132300000,831400000,8092500000,571300000,6008200000,300900000,None,7552700000,1218200000,349700000,8220700000,5265400000,9131800000,358200000,288200000,USD,378100000,19000000,None,-127800000,69100000,238800000,187000000,-8000000,83000000,300400000,-477400000,-117500000,487900000,131400000,131400000,None,141400000,141400000,None,None,0,None,-63700000,None,-216800000,None,296500000
92,2019Q2,185.56539682539685,187.04460317460317,184.21365079365077,185.93095238095236,1163276.2857142857,1.03,1.02,0.01,0.9804,USD,412900000,3704500000,3291600000,1780300000,464400000,900000000,None,1083400000,5400000,-54900000,-400000,54500000,3759400000,20900000,122200000,80700000,457400000,88800000,54900000,343400000,267100000,464400000,592600000,368600000,USD,20827600000,4853500000,85700000,85700000,1625300000,2904900000,16051000000,3866900000,3831600000,11010300000,3776200000,7234100000,90500000,None,None,395400000,547100000,12558200000,4127700000,1297900000,83200000,1069400000,768800000,7240700000,549900000,5987100000,300600000,None,7455100000,1218400000,325400000,8225400000,5480800000,9368000000,358900000,287800000,USD,539500000,111500000,None,41400000,155400000,80700000,183500000,83200000,-31400000,372200000,-180100000,-358100000,-53500000,216100000,216100000,None,139300000,138400000,None,None,0,None,-164100000,None,372200000,None,368600000
93,2019Q3,200.72875,202.13609375,198.6840625,200.43359375,1031865.296875,1.42,1.41,0.01,0.7092,USD,515300000,3764900000,3249600000,1780900000,549000000,869200000,None,1042200000,6900000,-53000000,-100000,52900000,3817900000,20800000,142700000,79700000,547600000,83400000,53000000,435900000,415900000,549000000,680200000,464200000,USD,20835600000,4870100000,135900000,135900000,1586700000,2877400000,16064800000,3861500000,3942000000,10948900000,3728300000,7220600000,150100000,None,None,425000000,584800000,12223200000,3919500000,1269400000,83600000,779100000,478400000,7063200000,570600000,5966900000,300700000,None,7164900000,1259800000,302700000,8567700000,5480800000,9699700000,359400000,288200000,USD,682100000,183000000,None,93100000,41000000,79700000,179900000,500000,-9400000,469300000,-271700000,-371900000,-284900000,1100000,1100000,None,137300000,136300000,None,None,0,None,50900000,None,469300000,None,464200000
94,2019Q4,190.13921875,191.43078125,188.578125,189.81859375,1039398.890625,1.71,1.71,0,0,USD,621400000,3823600000,3202200000,1809100000,518200000,885500000,None,984000000,5000000,-51200000,-200000,51000000,3823600000,13400000,145200000,78800000,516100000,86500000,51200000,394700000,224600000,518200000,645900000,429600000,USD,20869100000,4828400000,118800000,186400000,1081600000,2930200000,16252800000,3228300000,3439200000,8496600000,2927500000,5569100000,79700000,None,67600000,295200000,516300000,12143300000,3630600000,1075300000,84700000,380500000,79600000,8087500000,578400000,6574900000,300900000,6274000000,3095000000,1110700000,269800000,8685300000,5485400000,9993700000,359600000,288400000,USD,821000000,619000000,None,91600000,-87800000,244700000,250200000,61500000,-64500000,434300000,-269900000,-502100000,-401500000,5100000,5100000,None,136900000,136800000,None,None,0,None,10000000,None,434300000,None,429600000
95,2020Q1,187.81483870967742,190.90532258064516,184.63806451612902,187.91354838709677,1629177.064516129,1.66,1.69,-0.03,-1.7751,USD,418600000,3637100000,3218500000,1720200000,376200000,908300000,None,1117800000,4600000,-52700000,-200000,52500000,3581400000,15200000,146400000,80300000,330400000,47000000,52700000,292000000,259400000,376200000,463200000,283400000,USD,22339600000,6437100000,1661900000,1661900000,1529700000,3006100000,16133200000,3920700000,4149000000,10823400000,3591900000,7231500000,100200000,None,None,389600000,599900000,13479000000,4257400000,1279500000,88300000,1038300000,1037100000,8814700000,559400000,6744000000,1200000,None,8189200000,1285300000,261300000,8822100000,5580000000,10136900000,360800000,289200000,USD,371800000,20600000,None,-25700000,151000000,249600000,160700000,76200000,38000000,290200000,-165700000,1265800000,957600000,95000000,95000000,None,145500000,145500000,None,None,766600000,None,-11600000,None,1471900000,None,283400000
96,2020Q2,193.70095238095237,196.4679365079365,190.65714285714284,193.61920634920637,4260307.111111111,1.13,1.06,0.07,6.6038,USD,214200000,2689300000,2475100000,1635700000,192000000,788600000,None,839400000,3100000,-61800000,3100000,61800000,2685700000,15100000,146600000,50800000,-2015800000,14100000,61800000,128900000,-1886700000,192000000,-1903200000,-2029900000,USD,18082400000,5166200000,1369000000,1369000000,1228700000,2380100000,13135000000,3138900000,3633600000,8779100000,3019200000,5759900000,78300000,None,None,313000000,558300000,12192200000,3227700000,1087700000,74000000,534900000,534200000,8645100000,442200000,6752000000,700000,None,7606300000,1087200000,260300000,5855200000,6639900000,7967800000,362000000,285400000,USD,386800000,13500000,None,-98000000,-45900000,50800000,89900000,-172300000,113900000,-2029900000,-80800000,-546800000,-503200000,9700000,9700000,None,137700000,137700000,None,None,2300000,None,95600000,None,-2029900000,None,-2029900000
97,2020Q3,199.96515625,202.0660375,197.8778125,199.83125,1160703.96875,0.65,0.85,-0.2,-23.5294,USD,333400000,2964500000,2631100000,1769600000,411400000,802600000,None,861500000,4200000,-139000000,51700000,139000000,3018600000,15100000,150100000,58900000,291700000,42400000,139000000,246200000,267100000,411400000,489600000,249300000,USD,18097100000,4992000000,1034700000,1034700000,1287800000,2505600000,13300900000,3146200000,3725400000,8981400000,3023400000,5958000000,9400000,None,None,348800000,543600000,12047700000,3106400000,1108400000,84600000,247300000,245700000,8630600000,435100000,6667700000,1600000,None,7225700000,1241400000,301100000,6014700000,6658700000,8079900000,362100000,285400000,USD,451800000,16000000,None,-107600000,-5100000,58900000,111700000,-2400000,24200000,249300000,-106200000,-690300000,-288900000,19900000,19900000,None,138600000,138600000,None,None,1087000000,None,-8900000,None,249300000,None,249300000
98,2020Q4,209.3646875,211.8532796875,207.0684484375,208.9190625,1009952.890625,1.15,1.12,0.03,2.6786,USD,475400000,3065300000,2589900000,1780300000,416100000,809600000,None,809600000,3000000,-51400000,48400000,51400000,3065300000,10500000,150900000,56900000,756000000,73100000,51400000,300300000,250500000,416100000,864300000,682900000,USD,18126000000,5117400000,1260200000,1260200000,1285200000,2442400000,13204800000,3124900000,3656500000,8983900000,2977000000,6006900000,3200000,None,None,298200000,476000000,11924500000,2932200000,1160600000,80400000,17300000,15500000,8691800000,300500000,6673000000,1800000,6671200000,2270000000,1188900000,312400000,6166500000,6679700000,8243000000,362600000,285700000,USD,649800000,814200000,None,3700000,-118400000,207200000,126700000,-57100000,3400000,304900000,-61800000,-370500000,-231000000,21600000,21600000,None,139000000,139000000,None,None,0,None,20200000,None,682900000,None,682900000
99,2021Q1,213.14196721311475,215.39075081967215,210.40246393442624,212.76803278688524,1013558.4590163934,1.23,1.25,-0.02,-1.6,USD,289100000,2928500000,2639400000,1712000000,297300000,862900000,None,932800000,2100000,-53800000,51700000,53800000,2885000000,17000000,150700000,64500000,259700000,66100000,53800000,193600000,273500000,313500000,378000000,193600000,USD,18208100000,5150000000,1189500000,1189500000,1347000000,2451000000,13253600000,3078700000,3750900000,9086300000,2966800000,6119500000,6200000,None,None,341500000,480600000,11888000000,2852200000,1128200000,89600000,24300000,21300000,8744600000,291200000,6685800000,3000000,None,7001300000,1189700000,324200000,6292300000,6741200000,8299300000,363000000,285900000,USD,295300000,21600000,None,-112900000,57600000,215200000,102100000,-23600000,45900000,196500000,-192400000,-183100000,5800000,61800000,61800000,None,146700000,146700000,None,None,0,None,-41700000,None,-80200000,None,193600000
100,2021Q2,217.66968253968255,219.14825238095239,215.87135396825397,217.33809523809524,1062300.9047619049,0.91,0.81,0.1,12.3457,USD,467100000,3216600000,2749500000,1844000000,447800000,853300000,None,905500000,6100000,-51700000,45600000,51700000,3162700000,-2500000,153200000,52200000,396900000,86100000,51700000,310800000,514700000,448600000,500800000,310800000,USD,18533700000,5487400000,1402400000,1402400000,1418500000,2496100000,13250400000,3077900000,3855000000,9097800000,2925400000,6172400000,9500000,None,None,335500000,479100000,11797400000,2880300000,1213300000,87900000,17300000,14700000,8643300000,273800000,6708900000,2600000,None,7000000000,1170500000,320500000,6709100000,6749600000,8472800000,363200000,286100000,USD,503000000,14900000,None,75300000,118800000,52200000,143500000,42700000,57600000,313600000,-155400000,-135200000,-6800000,8800000,8800000,None,139900000,139900000,None,None,0,None,11500000,None,313600000,None,310800000
101,2021Q3,219.10984375,220.631875,217.478265625,219.16734375000001,907889.03125,1.22,1.21,0.01,0.8264,USD,439400000,3345800000,2906400000,2016700000,465800000,832000000,None,889700000,1900000,-78300000,44100000,78300000,3320800000,13000000,149200000,57700000,398300000,73800000,78300000,324500000,301600000,476600000,534300000,324500000,USD,17926200000,4986800000,897900000,897900000,1378200000,2542100000,13140300000,3069600000,3853900000,9015300000,2889700000,6125600000,28800000,None,None,326600000,477100000,10964400000,2894500000,1237100000,86700000,18700000,16000000,7806900000,263000000,5931800000,2700000,None,6213500000,1117800000,289100000,6933500000,6756300000,8659800000,363700000,286600000,USD,622700000,14800000,None,103500000,52500000,57700000,178200000,81900000,-23700000,328600000,-290700000,-841000000,1500000,7200000,7200000,None,139900000,139900000,None,None,0,None,46700000,None,328600000,None,324500000
102,2021Q4,225.87171875,227.859584375,224.0091328125,226.02390625,943087.9375,1.41,1.3,0.11,8.4615,USD,453600000,3364600000,2911000000,2043100000,387700000,867900000,None,867900000,2200000,-46800000,43800000,46800000,3364600000,6400000,150900000,64600000,699000000,44200000,46800000,301000000,399700000,387700000,810400000,654800000,USD,21206400000,4687100000,359900000,359900000,1491800000,2629700000,16783900000,3288500000,3891300000,12288000000,4224100000,8063900000,90800000,None,None,357000000,546000000,13953300000,3553200000,1384200000,91700000,411000000,408500000,10117500000,282600000,2548000000,2500000,None,2548000000,1144200000,254100000,7224200000,6784200000,8814500000,364100000,286900000,USD,640900000,650300000,None,278800000,115200000,215600000,219200000,77200000,-6800000,305300000,-3941200000,2762500000,393100000,28800000,28800000,None,139900000,139900000,None,None,2481300000,None,20400000,None,654800000,None,654800000
103,2022Q1,188.50846774193548,190.51858064516128,185.69023387096775,187.84145161290323,1673317.7096774194,1.28,1.31,-0.03,-2.2901,USD,256100000,3323700000,3067600000,2073400000,254500000,914700000,None,1016500000,2100000,-55100000,2100000,55100000,3266700000,18800000,155200000,79500000,217500000,45600000,55100000,171900000,243100000,272600000,352100000,171900000,USD,21067200000,4604500000,99400000,99400000,1589900000,2662100000,16750600000,3285700000,4016200000,12219300000,4138300000,8081000000,92300000,None,None,407000000,571900000,13962100000,3631300000,1423900000,96800000,493100000,490600000,10055600000,275200000,8267200000,2500000,None,9035500000,1136100000,294700000,7081600000,7061200000,8840400000,364500000,285700000,USD,170100000,17300000,None,26900000,251600000,234700000,148700000,29600000,94800000,174700000,-129200000,-305300000,82100000,262100000,262100000,None,154000000,154000000,None,None,0,None,-252900000,None,-264400000,None,171900000
104,2022Q2,166.055,168.2204241935484,163.59504032258064,165.84080645161288,1257228.8548387096,0.82,0.82,0,0,USD,408600000,3638500000,3229900000,2211100000,425800000,940100000,None,1018800000,1300000,-57300000,1300000,57300000,3580600000,19500000,156000000,78700000,384900000,76600000,57300000,308300000,254000000,442200000,520900000,308300000,USD,21163600000,4905000000,124900000,124900000,1720700000,2826700000,16609700000,3264000000,4035100000,11966500000,4030600000,7935900000,149700000,None,None,391400000,627300000,14045200000,3806000000,1524800000,99100000,618300000,615800000,9947400000,291800000,8167800000,2500000,None,9077900000,1154500000,311200000,7093400000,7186300000,9003300000,364500000,285000000,USD,322400000,25000000,None,82700000,276400000,78700000,168800000,204400000,156000000,312700000,-181600000,-122900000,125900000,140700000,140700000,None,146100000,146100000,None,None,0,None,-137200000,None,312700000,None,308300000
105,2022Q3,162.3490625,164.03531093750001,160.2186703125,162.22578125,1093573.609375,1.1,1.09,0.01,0.9174,USD,471600000,3720700000,3249100000,2291600000,483000000,876900000,None,957500000,1600000,-66700000,65100000,66700000,3669300000,-5700000,152200000,80600000,407300000,60200000,66700000,347100000,134500000,474000000,554600000,347100000,USD,21037000000,5099300000,112900000,112900000,1802700000,2880400000,16260000000,3260900000,4016700000,11656400000,3915000000,7741400000,235400000,None,None,469400000,593400000,13947100000,3772300000,1584400000,109100000,497900000,495300000,9857300000,317500000,8026700000,2600000,None,8842100000,1145400000,375500000,7062600000,7228400000,9205100000,364600000,284800000,USD,436700000,16700000,None,434800000,553500000,80600000,192500000,116800000,134900000,352000000,-195600000,-247400000,-120400000,42600000,42600000,None,144900000,144900000,None,None,0,None,-34500000,None,352000000,None,347100000
106,2022Q4,146.9663492063492,148.8566650793651,145.06552698412696,146.9190476190476,1448502.857142857,1.3,1.31,-0.01,-0.7634,USD,494200000,3671200000,3177000000,2254900000,399200000,922100000,None,922100000,3500000,-73000000,69500000,73000000,3671200000,-8100000,155600000,81200000,643200000,52100000,73000000,264400000,368300000,399200000,797400000,591100000,USD,21464300000,5494200000,598600000,598600000,1792800000,2882200000,16241100000,3293400000,3962500000,11693400000,3680700000,8012700000,102000000,None,None,404700000,535100000,14205700000,4210400000,1728200000,116500000,505100000,3700000,9657500000,337800000,3356000000,501400000,None,3356000000,1285900000,406300000,7236100000,7301000000,9318800000,364700000,284500000,USD,859200000,693900000,None,179600000,-80800000,237000000,202800000,-31200000,17200000,269500000,-210400000,-161700000,-491900000,72800000,72800000,None,157800000,157800000,None,None,0,None,-64500000,None,487100000,None,591100000
107,2023Q1,155.49290322580643,157.32000806451614,153.90556451612903,155.84080645161288,1176564.8064516129,1.27,1.25,0.02,1.6,USD,346800000,3617900000,3271100000,2205200000,351600000,990300000,None,1080600000,5900000,-80100000,74200000,80100000,3571600000,13100000,158700000,75600000,285800000,52400000,80100000,238100000,222800000,365900000,441500000,233400000,USD,21251500000,5272800000,419400000,419400000,1727300000,2873500000,16257400000,3312700000,4075600000,11679000000,3616800000,8062200000,91000000,None,None,458300000,556400000,13886500000,4489600000,1469900000,107500000,1118100000,9200000,9073500000,323400000,7521700000,1108900000,None,8963200000,1279800000,390200000,7344200000,7311400000,9401300000,365000000,284700000,USD,198200000,14600000,None,-365700000,-115100000,234300000,173700000,-41000000,-70600000,238100000,-189400000,-166400000,5500000,10600000,10600000,None,157700000,157700000,None,None,0,None,4900000,None,-157600000,None,233400000
108,2023Q2,171.78782258064516,173.2339387096774,170.45975967741936,172.11016129032257,1032582.3870967742,0.88,0.86,0.02,2.3256,USD,474900000,3898100000,3423200000,2334800000,484700000,1011600000,None,1088400000,4900000,-82700000,77800000,82700000,3852100000,14400000,152600000,76800000,416300000,86600000,82700000,334700000,305100000,499000000,575800000,329700000,USD,21456200000,5436500000,554200000,554200000,1646200000,2995400000,16292700000,3326500000,4019000000,11704900000,3603600000,8101300000,95400000,None,None,456000000,541500000,13875700000,4467500000,1476800000,107400000,1121900000,5400000,9072800000,335400000,7499600000,1116500000,None,8956900000,1282400000,438300000,7556700000,7310900000,9580000000,365300000,285000000,USD,573400000,23900000,None,-600000,-2200000,76800000,172000000,93800000,-80300000,334700000,-274100000,-155800000,-3800000,300000,300000,None,150900000,150900000,None,None,0,None,34800000,None,143500000,None,329700000
109,2023Q3,182.2145238095238,183.53213333333335,180.6489634920635,181.86507936507937,1037716.1746031746,1.24,1.21,0.03,2.4793,USD,562400000,3995200000,3432800000,2330500000,566000000,1024900000,None,1102300000,17000000,-91300000,74300000,91300000,3958100000,None,152000000,77400000,500800000,96800000,91300000,409400000,364400000,592100000,669500000,404000000,USD,21858100000,5789400000,1001300000,1001300000,1536000000,3018100000,16373900000,3332800000,4108200000,11627000000,3528600000,8098400000,81100000,None,None,428600000,572900000,14035600000,4600500000,1498800000,105500000,1129100000,3400000,9020100000,415000000,7487100000,1125700000,None,9031200000,1285000000,455000000,7795800000,7311100000,9832800000,365400000,285100000,USD,787700000,1700000,None,102700000,-85400000,77400000,166500000,36100000,-115500000,409400000,-178600000,-147000000,-2000000,800000,800000,None,154000000,154000000,None,None,0,None,9800000,None,None,None,404000000
