,Quarter,1. open,2. high,3. low,4. close,5. volume,reportedEPS,estimatedEPS,surprise,surprisePercentage,reportedCurrency_x,grossProfit,totalRevenue,costOfRevenue,costofGoodsAndServicesSold,operatingIncome,sellingGeneralAndAdministrative,researchAndDevelopment,operatingExpenses,investmentIncomeNet,netInterestIncome,interestIncome,interestExpense,nonInterestIncome,otherNonOperatingIncome,depreciation,depreciationAndAmortization,incomeBeforeTax,incomeTaxExpense,interestAndDebtExpense,netIncomeFromContinuingOperations,comprehensiveIncomeNetOfTax,ebit,ebitda,netIncome_x,reportedCurrency_y,totalAssets,totalCurrentAssets,cashAndCashEquivalentsAtCarryingValue,cashAndShortTermInvestments,inventory,currentNetReceivables,totalNonCurrentAssets,propertyPlantEquipment,accumulatedDepreciationAmortizationPPE,intangibleAssets,intangibleAssetsExcludingGoodwill,goodwill,investments,longTermInvestments,shortTermInvestments,otherCurrentAssets,otherNonCurrentAssets,totalLiabilities,totalCurrentLiabilities,currentAccountsPayable,deferredRevenue,currentDebt,shortTermDebt,totalNonCurrentLiabilities,capitalLeaseObligations,longTermDebt,currentLongTermDebt,longTermDebtNoncurrent,shortLongTermDebtTotal,otherCurrentLiabilities,otherNonCurrentLiabilities,totalShareholderEquity,treasuryStock,retainedEarnings,commonStock,commonStockSharesOutstanding,reportedCurrency,operatingCashflow,paymentsForOperatingActivities,proceedsFromOperatingActivities,changeInOperatingLiabilities,changeInOperatingAssets,depreciationDepletionAndAmortization,capitalExpenditures,changeInReceivables,changeInInventory,profitLoss,cashflowFromInvestment,cashflowFromFinancing,proceedsFromRepaymentsOfShortTermDebt,paymentsForRepurchaseOfCommonStock,paymentsForRepurchaseOfEquity,paymentsForRepurchaseOfPreferredStock,dividendPayout,dividendPayoutCommonStock,dividendPayoutPreferredStock,proceedsFromIssuanceOfCommonStock,proceedsFromIssuanceOfLongTermDebtAndCapitalSecuritiesNet,proceedsFromIssuanceOfPreferredStock,proceedsFromRepurchaseOfEquity,proceedsFromSaleOfTreasuryStock,changeInCashAndCashEquivalents,changeInExchangeRate,netIncome_y
52,2009Q2,12.61,12.825652380952382,12.29,12.567619047619047,101788331.74603175,2.08,1.67,0.41,24.5509,USD,7234000000,12943000000,5709000000,18804000000,8528000000,9712000000,None,205000000,None,None,None,4653000000,None,None,None,2504000000,2917000000,227000000,None,144000000,2671000000,8528000000,7749000000,2690000000,USD,778168000000,84817000000,52316000000,52316000000,13307000000,19194000000,171989000000,72937000000,None,99052000000,15227000000,83825000000,45214000000,None,45214000000,97500000000,None,657709000000,213030000000,19194000000,None,174644000000,174644000000,339420000000,None,339420000000,None,None,514100000000,19192000000,None,112119000000,33554000000,123166000000,702000000,10626842000,USD,5735000000,None,None,None,None,2504000000,1899000000,None,-368000000,2702000000,11159000000,-11561000000,None,None,None,None,3355000000,3355000000,None,None,None,None,None,None,5488000000,155000000,2690000000
53,2009Q3,13.76,13.986046875,13.5425859375,13.7834375,101849976.5625,2.08,1.85,0.23,12.4324,USD,6560000000,12325000000,5765000000,18548000000,7029000000,10086000000,None,161000000,None,None,None,4322000000,None,None,2658000000,2658000000,2009000000,-484000000,None,120000000,2494000000,7029000000,6297000000,2493000000,USD,787846000000,94079000000,61374000000,61374000000,13092000000,19613000000,172883000000,72993000000,None,99890000000,15010000000,84880000000,52761000000,None,52761000000,114100000000,None,662037000000,198275000000,18931000000,None,160115000000,160115000000,358092000000,None,358092000000,None,None,518200000000,19229000000,None,117529000000,32803000000,124530000000,702000000,10647495000,USD,8394000000,None,None,-371000000,-134000000,2658000000,1349000000,6000000,-140000000,2494000000,7837000000,-6999000000,-1604000000,None,None,None,1140000000,1140000000,None,None,None,None,14000000,None,9058000000,-174000000,2493000000
54,2009Q4,15.692343750000001,15.8451734375,15.501309375,15.655,78190514.0625,1.76,1.62,0.14,8.642,USD,7886000000,13112000000,5226000000,20503000000,-8677000000,10940000000,3324000000,56088000000,None,None,None,4467000000,None,None,2724000000,2743000000,2437000000,-576000000,None,73000000,9601000000,-8677000000,9831000000,3013000000,USD,781949000000,100705000000,70479000000,72260000000,11987000000,16458000000,146715000000,68970000000,44103000000,76746000000,11751000000,64995000000,1015000000,None,51941000000,None,None,656765000000,167284000000,19527000000,None,135710000000,129869000000,338215000000,None,377138000000,None,None,471269000000,25578000000,None,117291000000,32238000000,124655000000,702000000,10663075000,USD,10489000000,None,None,875000000,-1843000000,2724000000,2826000000,-1092000000,-751000000,3115000000,7339000000,-7945000000,7047000000,None,None,None,1141000000,1141000000,None,None,None,None,4175000000,None,10886000000,1003000000,3013000000
55,2010Q1,16.589918032786887,16.796339344262297,16.41837704918033,16.605901639344264,83466804.91803278,2.24,2.09,0.15,7.177,USD,6146000000,36204000000,30058000000,17512000000,3533000000,9842000000,None,79000000,None,None,None,4161000000,None,None,2465000000,2475000000,2388000000,443000000,None,2311000000,1945000000,3533000000,6988000000,1945000000,USD,777355000000,99108000000,67908000000,69628000000,11751000000,17729000000,144471000000,68016000000,None,76455000000,11545000000,64910000000,41549000000,None,41549000000,111200000000,None,654404000000,152858000000,14498000000,None,123931000000,123931000000,317606000000,None,374674000000,None,None,523000000000,14429000000,None,115195000000,31757000000,125446000000,702000000,10676518000,USD,7094000000,None,None,679000000,-700000000,2465000000,1302000000,-514000000,-186000000,1998000000,19009000000,-28039000000,-1824000000,None,None,None,1143000000,1143000000,None,None,None,None,0,None,-2692000000,-756000000,1945000000
56,2010Q2,17.284285714285716,17.482857142857146,16.969347619047618,17.219285714285714,86370079.36507936,1.68,1.31,0.37,28.2443,USD,7294000000,36928000000,29634000000,17196000000,4362000000,9781000000,None,56000000,None,None,None,4171000000,None,None,2373000000,2381000000,3975000000,866000000,None,3210000000,-1485000000,4362000000,8458000000,3109000000,USD,749930000000,102803000000,72063000000,73848000000,11366000000,17589000000,139398000000,65358000000,43618000000,74040000000,10946000000,63094000000,42102000000,None,42102000000,116000000000,None,629205000000,148697000000,14230000000,None,120154000000,120154000000,298701000000,None,355809000000,None,None,500100000000,127700000000,None,113934000000,31235000000,127436000000,702000000,10691220000,USD,9433000000,None,None,-86000000,4000000,2373000000,1717000000,-378000000,-336000000,3205000000,8725000000,-12795000000,467000000,None,None,None,1144000000,1144000000,None,None,None,None,0,None,4214000000,-1149000000,3109000000
57,2010Q3,15.53640625,15.7111609375,15.3566671875,15.5608984375,62017125.828125,2.4,2.13,0.27,12.6761,USD,6974000000,35373000000,28399000000,16626000000,4065000000,9887000000,None,31000000,None,None,None,4039000000,None,None,2611000000,2621000000,2374000000,319000000,None,3107000000,2900000000,4065000000,7679000000,2055000000,USD,758824000000,108127000000,76645000000,78392000000,11997000000,17738000000,139897000000,65538000000,44696000000,74359000000,10231000000,64128000000,45690000000,None,45690000000,124100000000,None,638214000000,144360000000,14617000000,None,114879000000,114879000000,307517000000,None,368691000000,None,None,494800000000,56792000000,None,115536000000,31510000000,128126000000,702000000,10654718000,USD,9948000000,None,None,444000000,33000000,2611000000,1396000000,203000000,640000000,2212000000,6808000000,-12892000000,-628000000,None,None,None,1147000000,1147000000,None,None,None,None,0,None,4544000000,680000000,2055000000
58,2010Q4,16.7225015625,16.88640625,16.5934390625,16.744140625,56587944.328125,2.32,2.19,0.13,5.9361,USD,8278000000,12814000000,4536000000,20379000000,5290000000,802000000,3939000000,60560000000,None,None,None,3969000000,None,None,2337000000,2536000000,3950000000,-585000000,None,1036000000,6261000000,5290000000,7539000000,4535000000,USD,748491000000,109105000000,78943000000,122900000000,11526000000,18621000000,140660000000,66212000000,531000000,74359000000,9971000000,64388000000,43938000000,390880000000,43938000000,5300000000,None,623595000000,164030000000,14656000000,None,136414000000,117959000000,293323000000,None,324782000000,18455000000,None,478600000000,118800000000,90733000000,118936000000,31938000000,131137000000,702000000,10615376000,USD,9649000000,None,None,-232000000,355000000,2337000000,5385000000,815000000,-460000000,4764000000,-2106000000,-7860000000,757000000,None,None,None,1356000000,1356000000,None,None,None,None,0,None,575000000,892000000,4535000000
59,2011Q1,19.995804838709677,20.194032258064517,19.778161290322583,19.998951612903223,62386967.741935484,2.88,2.55,0.33,12.9412,USD,5273000000,13036000000,7763000000,16699000000,4774000000,9272000000,None,64000000,None,None,None,3879000000,None,None,2292000000,2292000000,7375000000,3942000000,None,1825000000,6287000000,4774000000,11314000000,3433000000,USD,727837000000,113367000000,82170000000,82173000000,13327000000,17867000000,146716000000,67504000000,44045000000,79212000000,11292000000,67920000000,44889000000,347578000000,44889000000,127100000000,None,602048000000,142625000000,15747000000,None,110347000000,110347000000,287642000000,None,346408000000,None,None,466700000000,29800000000,90749000000,123535000000,31952000000,133003000000,702000000,10605447000,USD,7696000000,None,None,1269000000,303000000,2292000000,3169000000,-985000000,1288000000,3527000000,17285000000,-22571000000,-979000000,None,None,None,1564000000,1564000000,None,None,None,None,0,None,3238000000,828000000,3433000000
60,2011Q2,19.549206349206347,19.70919047619048,19.35690476190476,19.51555396825397,49786415.87301587,2.64,2.27,0.37,16.2996,USD,5488000000,12440000000,6952000000,17500000000,5121000000,9030000000,None,339000000,None,None,None,3773000000,None,None,2302000000,2302000000,4656000000,892000000,None,1810000000,6310000000,5121000000,8284000000,3764000000,USD,739130000000,124303000000,91053000000,91053000000,14616000000,18634000000,151180000000,68846000000,44183000000,82334000000,11798000000,70536000000,45340000000,46235000000,45340000000,136400000000,None,608733000000,157290000000,15765000000,None,123489000000,123489000000,277855000000,None,336888000000,None,None,472000000000,105300000000,93383000000,128074000000,31871000000,135098000000,702000000,10600337000,USD,7444000000,None,None,-90000000,52000000,2302000000,3369000000,942000000,924000000,3838000000,3489000000,-3695000000,-569000000,None,None,None,1564000000,1564000000,None,None,None,None,0,None,8890000000,1652000000,3764000000
61,2011Q3,16.77390625,16.982578125,16.50703125,16.72296875,77005703.125,2.72,2.58,0.14,5.4264,USD,6376000000,12015000000,5639000000,16615000000,4726000000,10298000000,None,223000000,None,None,None,3735000000,None,None,2350000000,436000000,3661000000,437000000,None,1455000000,2015000000,4726000000,5162000000,3224000000,USD,737700000000,125078000000,91368000000,91368000000,15021000000,18689000000,151818000000,66094000000,43663000000,85724000000,12433000000,73291000000,46458000000,49631000000,46458000000,137800000000,None,610927000000,164823000000,16150000000,None,127327000000,127327000000,268270000000,None,327137000000,None,None,466100000000,46757000000,93697000000,124461000000,32264000000,135857000000,702000000,10557351000,USD,9083000000,None,None,135000000,-29000000,2350000000,2513000000,-297000000,196000000,3265000000,1643000000,-9020000000,778000000,None,None,None,1668000000,1668000000,None,None,None,None,0,None,287000000,-1419000000,3224000000
62,2011Q4,16.32706349206349,16.530396825396824,16.142885714285715,16.338968253968254,66672944.44444445,2.48,2.51,-0.03,-1.1952,USD,9095000000,11577000000,2482000000,17463000000,6031000000,711000000,4601000000,18448000000,None,None,None,3236000000,None,None,2042000000,482000000,4204000000,474000000,None,1420000000,-6580000000,6031000000,6513000000,3730000000,USD,718003000000,117889000000,84501000000,131900000000,13792000000,19596000000,150432000000,65739000000,445000000,84365000000,12068000000,72297000000,47374000000,None,47374000000,711000000,None,600055000000,206798000000,16400000000,None,172651000000,137611000000,243459000000,None,279618000000,35040000000,None,453400000000,116000000000,None,116438000000,31769000000,137786000000,702000000,10573017000,USD,9136000000,None,None,-79000000,-6399000000,3786000000,3599000000,806000000,-1240000000,3813000000,-2535000000,-11577000000,6721000000,None,None,None,1662000000,1662000000,None,None,None,None,0,None,-6878000000,-1902000000,3730000000
63,2012Q1,19.16774193548387,19.319775806451613,19.030241935483872,19.192016129032258,47331748.79032258,3.12,3.03,0.09,2.9703,USD,5653000000,35080000000,29427000000,17869000000,5057000000,9166000000,None,50000000,None,None,None,3358000000,None,None,2220000000,348000000,3699000000,665000000,None,3231000000,4875000000,5057000000,5405000000,3034000000,USD,707719000000,117902000000,83650000000,83650000000,15212000000,19040000000,150880000000,66000000000,42970000000,84880000000,11921000000,72959000000,47829000000,None,47829000000,131500000000,None,586131000000,173676000000,17031000000,None,138659000000,138659000000,233487000000,None,294635000000,None,None,442800000000,141900000000,None,119867000000,31315000000,139019000000,702000000,10587317000,USD,6466000000,None,None,854000000,1119000000,2220000000,3295000000,-291000000,1433000000,3072000000,5319000000,-13599000000,-814000000,None,None,None,1799000000,1799000000,None,None,None,None,0,None,-852000000,962000000,3034000000
64,2012Q2,19.305873015873015,19.483492063492065,19.150917460317462,19.332222222222224,48497855.55555555,2.72,2.63,0.09,3.4221,USD,5800000000,36397000000,30597000000,19199000000,5872000000,9163000000,None,6000000,None,None,None,3211000000,None,None,2193000000,372000000,3601000000,496000000,None,3658000000,2515000000,5872000000,6244000000,3105000000,USD,694121000000,109030000000,74295000000,74295000000,15440000000,19295000000,150799000000,66660000000,42952000000,84139000000,11738000000,72401000000,47931000000,None,47931000000,122200000000,None,570222000000,160988000000,16718000000,None,126319000000,126319000000,229817000000,None,293721000000,None,None,428800000000,38665000000,None,120119000000,31682000000,140324000000,702000000,10558844000,USD,7751000000,None,None,18000000,13000000,2192000000,4012000000,300000000,212000000,3138000000,-681000000,-15132000000,83000000,None,None,None,1802000000,1802000000,None,None,None,None,0,None,-9362000000,-1300000000,3105000000
65,2012Q3,20.889920634920635,21.06642857142857,20.776392063492064,20.936349206349206,43786788.88888889,3.04,2.97,0.07,2.3569,USD,6025000000,36254000000,30229000000,18509000000,5239000000,9713000000,None,359000000,None,None,None,2979000000,None,None,2193000000,359000000,4048000000,557000000,None,3450000000,5893000000,5239000000,5598000000,3491000000,USD,698880000000,35369000000,134200000000,134200000000,16022000000,19347000000,152259000000,67388000000,43655000000,84871000000,11709000000,73162000000,48719000000,None,48719000000,None,None,570864000000,154529000000,15851000000,None,120435000000,120435000000,234673000000,None,302526000000,None,None,431500000000,137500000000,None,122552000000,32974000000,142026000000,702000000,10486300000,USD,5861000000,None,None,-628000000,1000000,2287000000,3191000000,53000000,304000000,3508000000,7897000000,-4175000000,71000000,None,None,None,1800000000,1800000000,None,None,None,None,0,None,8554000000,1581000000,3491000000
66,2012Q4,21.487016129032256,21.659998387096774,21.30708387096774,21.46709677419355,42658753.22580645,2.88,2.9,-0.02,-0.6897,USD,8240000000,11770000000,3530000000,18733000000,6719000000,11396000000,4520000000,17947000000,None,None,None,2960000000,None,None,2493000000,536000000,4827000000,816000000,None,1503000000,4102000000,6719000000,7255000000,4011000000,USD,684999000000,36944000000,125700000000,125700000000,15374000000,21570000000,155177000000,68633000000,45962000000,85094000000,11980000000,73114000000,48510000000,48721000000,48510000000,211000000,None,556529000000,135076000000,15654000000,None,101392000000,101392000000,236084000000,None,274873000000,None,None,414100000000,200000000,99289000000,123026000000,34571000000,144055000000,702000000,10405625000,USD,11253000000,None,None,-668000000,-1282000000,4105000000,4628000000,712000000,-3223000000,4146000000,-1233000000,-18168000000,-1571000000,None,None,None,1788000000,1788000000,None,None,None,None,0,None,4146000000,35000000,4011000000
67,2013Q1,22.6505,22.76771666666667,22.49177166666667,22.630999999999997,39542348.333333336,3.52,3.45,0.07,2.029,USD,15516000000,34943000000,19494000000,17316000000,4874000000,8796000000,None,690000000,None,None,None,2621000000,None,None,2309000000,399000000,4035000000,508000000,None,3647000000,4093000000,4874000000,5273000000,3527000000,USD,670690000000,37282000000,89781000000,89781000000,16281000000,21001000000,152966000000,68411000000,46093000000,84555000000,11818000000,72737000000,48329000000,48653000000,48329000000,324000000,None,541640000000,118329000000,16130000000,None,83127000000,83127000000,234299000000,None,305123000000,None,None,397341000000,15988000000,98873000000,123714000000,35993000000,145608000000,702000000,10340120000,USD,4610000000,None,None,747000000,556000000,2310000000,3644000000,-463000000,977000000,3511000000,31485000000,-22956000000,-9849000000,None,None,None,1983000000,1983000000,None,None,None,None,0,None,12425000000,-714000000,3527000000
68,2013Q2,23.1003125,23.2559734375,22.93079375,23.10203125,41965717.1875,2.8,2.78,0.02,0.7194,USD,15177000000,35059000000,19946000000,18488000000,5628000000,8573000000,None,429000000,None,None,None,2617000000,None,None,2266000000,429000000,3443000000,310000000,None,3257000000,4334000000,5628000000,6057000000,3133000000,USD,660541000000,36943000000,132500000000,132500000000,16762000000,20181000000,153446000000,68762000000,46403000000,84684000000,11596000000,73088000000,43748000000,44036000000,43748000000,288000000,None,531730000000,110920000000,16237000000,None,77184000000,77184000000,231285000000,None,303054000000,None,None,387300000000,2400000000,99375000000,122509000000,39502000000,146800000000,702000000,10183781000,USD,7321000000,None,None,123000000,9000000,2267000000,3574000000,240000000,475000000,3299000000,5460000000,-13862000000,2681000000,None,None,None,1972000000,1972000000,None,None,None,None,0,None,9884000000,3000000,3133000000
69,2013Q3,23.955234375,24.09315625,23.7924421875,23.928125,34117454.6875,2.88,2.83,0.05,1.7668,USD,15018000000,35661000000,20707000000,19457000000,5860000000,8705000000,None,457000000,None,None,None,2462000000,None,None,2577000000,429000000,3539000000,348000000,None,3282000000,3791000000,5860000000,6289000000,3191000000,USD,661438000000,38525000000,130400000000,130400000000,17943000000,20582000000,160991000000,68741000000,47132000000,92250000000,14226000000,78024000000,43897000000,44066000000,43897000000,169000000,None,532393000000,113536000000,16449000000,None,80496000000,80496000000,226872000000,None,300500000000,None,None,388100000000,2400000000,99094000000,122692000000,41025000000,148067000000,702000000,10117369000,USD,5231000000,None,None,107000000,3214000000,2578000000,2912000000,27000000,343000000,3181000000,-4923000000,-2179000000,-2781000000,None,None,None,1940000000,1940000000,None,None,None,None,0,None,8649000000,-327000000,3191000000
70,2013Q4,26.23078125,26.4231,26.0759375,26.2796875,36778070.3125,2.88,2.83,0.05,1.7668,USD,14860000000,7582000000,25327000000,21880000000,-85516000000,9069000000,4643000000,6983000000,None,None,None,2468000000,None,None,-1950000000,454000000,3259000000,53000000,None,-2568000000,11949000000,-85516000000,-85062000000,3206000000,USD,663247000000,38713000000,132500000000,132500000000,17325000000,21388000000,160785000000,68827000000,47643000000,67447000000,14310000000,53137000000,43981000000,44031000000,43981000000,50000000,None,519777000000,109962000000,16471000000,None,77890000000,77890000000,221665000000,None,266303000000,None,None,383000000000,3000000000,91534000000,130566000000,42561000000,149051000000,702000000,10060881000,USD,11348000000,None,None,-617000000,1094000000,-574000000,3328000000,681000000,-427000000,3364000000,-2905000000,-6578000000,-4281000000,None,None,None,1926000000,1926000000,None,None,None,None,0,None,2109000000,243000000,3206000000
71,2014Q1,25.870163934426227,25.991042622950822,25.615236065573768,25.77622950819672,37384965.57377049,4.24,4.27,-0.03,-0.7026,USD,14266000000,33548000000,19912000000,18522000000,5212000000,8196000000,None,442000000,None,None,None,2414000000,None,None,2189000000,420000000,3618000000,619000000,None,2747000000,4270000000,5212000000,5632000000,2999000000,USD,652252000000,39856000000,132700000000,132700000000,18881000000,20975000000,161660000000,67743000000,48126000000,93917000000,14788000000,79129000000,45733000000,45781000000,45733000000,48000000,None,514233000000,109155000000,17206000000,None,76121000000,76121000000,220992000000,None,294581000000,None,None,380600000000,1300000000,87432000000,131836000000,43401000000,149840000000,702000000,10027765000,USD,4961000000,None,None,1007000000,1822000000,2695000000,3361000000,-482000000,1445000000,2952000000,1792000000,-8501000000,-3330000000,None,None,None,2223000000,2223000000,None,None,None,None,-1337000000,None,-1675000000,73000000,2999000000
72,2014Q2,26.537141269841268,26.662171428571426,26.385739682539683,26.53777777777778,26364966.666666668,2.64,2.54,0.1,3.937,USD,14828000000,32260000000,21405000000,20006000000,5869000000,8477000000,None,394000000,None,None,None,2345000000,None,None,1182000000,431000000,3738000000,192000000,None,2884000000,4236000000,5869000000,6300000000,3546000000,USD,651869000000,41138000000,86570000000,86570000000,19706000000,21432000000,161715000000,67900000000,48477000000,93815000000,14798000000,79017000000,46754000000,50048000000,46754000000,3294000000,None,511802000000,105926000000,17561000000,None,73531000000,73531000000,216845000000,None,296667000000,None,None,378717000000,27739000000,87689000000,134013000000,43234000000,151174000000,702000000,10033904000,USD,5249000000,None,None,821000000,1000000,2657000000,3503000000,458000000,883000000,3546000000,-1910000000,-3865000000,-522000000,None,None,None,2209000000,2209000000,None,None,None,None,-44000000,None,-403000000,123000000,3546000000
73,2014Q3,26.01875,26.143671875,25.86390625,26.0015625,28546340.609375,3.12,3.15,-0.03,-0.9524,USD,15012000000,32107000000,21162000000,19740000000,-17247000000,8543000000,None,375000000,None,None,None,2357000000,None,None,1424000000,465000000,3937000000,401000000,None,2831000000,2585000000,-17247000000,-16782000000,3536000000,USD,650021000000,41388000000,137500000000,137500000000,19431000000,21957000000,157676000000,65460000000,47120000000,92216000000,14357000000,77859000000,47016000000,52793000000,47016000000,5777000000,None,506510000000,101578000000,16758000000,None,69916000000,69916000000,213179000000,None,296065000000,None,None,374100000000,1700000000,84990000000,134998000000,43005000000,152497000000,702000000,10042192000,USD,6035000000,None,None,-451000000,986000000,2959000000,2837000000,715000000,440000000,3508000000,-1801000000,1287000000,-2105000000,None,None,None,2211000000,2211000000,None,None,None,None,22000000,None,3965000000,-1556000000,3536000000
74,2014Q4,25.6778125,25.850078125,25.4760171875,25.65890625,34357408.59375,3.04,2.98,0.06,2.0134,USD,11955000000,22589000000,30049000000,23043000000,94893000000,8810000000,4233000000,11286000000,None,None,None,2366000000,None,None,1101000000,473000000,4891000000,-261000000,None,1519000000,-4911000000,94893000000,95366000000,5152000000,USD,653931000000,41081000000,138100000000,138100000000,17689000000,23259000000,157096000000,48070000000,35734000000,66389000000,13182000000,53207000000,35505000000,47907000000,47907000000,6300000000,None,518023000000,71581000000,12067000000,None,12057000000,70425000000,200414000000,None,282000000,261424000000,None,71789000000,3400000000,102662000000,128159000000,42593000000,155333000000,702000000,10057380000,USD,11464000000,None,None,-1072000000,3286000000,-1890000000,4026000000,5489000000,-1896000000,5339000000,-3115000000,-5877000000,-155000000,None,None,None,2208000000,2208000000,None,None,None,None,141000000,None,337000000,-2132000000,5152000000
75,2015Q1,24.854098360655737,25.018975409836067,24.660326229508197,24.838196721311476,37950520.63934426,4.48,4.36,0.12,2.7523,USD,5514000000,2866000000,-2648000000,18166000000,5351000000,4415000000,None,490000000,None,None,None,1930000000,None,None,1101000000,490000000,-7279000000,6294000000,None,-5721000000,-17764000000,5351000000,5841000000,-13573000000,USD,617631000000,38377000000,87055000000,87055000000,17830000000,20547000000,144356000000,61219000000,41418000000,83137000000,13533000000,69604000000,41992000000,41992000000,41992000000,56549000000,None,500333000000,98311000000,14392000000,None,69211000000,69211000000,190420000000,None,275772000000,None,None,69211000000,19761000000,105477000000,108560000000,42094000000,139441000000,702000000,10075929000,USD,6090000000,None,None,312000000,-6039000000,2956000000,3011000000,-6946000000,265000000,-13608000000,3839000000,-8246000000,238000000,None,None,None,2319000000,2319000000,None,None,None,None,239000000,None,-2143000000,-3826000000,-13573000000
76,2015Q2,27.030555555555555,27.227301587301586,26.86516031746032,27.06047619047619,41312273.28571428,2.48,2.4,0.08,3.3333,USD,6033000000,2690000000,-3343000000,20023000000,11088000000,4385000000,None,430000000,None,None,None,1286000000,None,None,1188000000,430000000,-561000000,799000000,None,-332000000,2798000000,11088000000,11518000000,-1360000000,USD,610926000000,75482000000,91666000000,91666000000,18704000000,21760000000,126891000000,51039000000,36170000000,75852000000,13668000000,62184000000,39438000000,39438000000,39438000000,8363000000,None,492647000000,94663000000,12017000000,None,67822000000,67822000000,185351000000,None,245242000000,None,None,67822000000,13993000000,138334000000,109503000000,41551000000,135755000000,702000000,10096429000,USD,6295000000,None,None,518000000,2000000,1647000000,278000000,3568000000,884000000,-1134000000,12708000000,-10464000000,-2233000000,None,None,None,2315000000,2315000000,None,None,None,None,260000000,None,9479000000,939000000,-1360000000
77,2015Q3,25.57078125,25.7918421875,25.2705453125,25.57125,36311975.5625,2.48,2.26,0.22,9.7345,USD,6275000000,2660000000,-3615000000,19249000000,10819000000,4258000000,None,437000000,None,None,None,1462000000,None,None,1265000000,437000000,2871000000,365000000,None,-154000000,3727000000,10819000000,11256000000,2506000000,USD,581310000000,64465000000,136000000000,136000000000,19285000000,22332000000,125982000000,50704000000,36628000000,75278000000,13618000000,61660000000,36933000000,36933000000,36933000000,8309000000,None,461317000000,73205000000,11762000000,None,46495000000,46495000000,180011000000,None,242958000000,None,None,46495000000,1400000000,131972000000,111204000000,41207000000,135932000000,702000000,10109239000,USD,761000000,None,None,-585000000,-1191000000,1715000000,1604000000,-1779000000,617000000,2545000000,43224000000,-31097000000,-14796000000,None,None,None,2326000000,6961000000,None,None,None,None,136000000,None,12258000000,-629000000,2506000000
78,2015Q4,29.5075,29.85203125,29.339203125,29.63640625,88176534.203125,2.32,2.09,0.23,11.0048,USD,7556000000,2585000000,-4971000000,25255000000,7556000000,4773000000,4249000000,25927000000,None,None,None,1235000000,None,None,1210000000,210000000,5559000000,-742000000,None,-1447000000,6755000000,7556000000,7766000000,6301000000,USD,493071000000,73154000000,70483000000,102500000000,22515000000,27039000000,157521000000,54095000000,35928000000,83323000000,17797000000,65526000000,31973000000,53129000000,31973000000,2818000000,None,389961000000,89336000000,13680000000,None,49892000000,49860000000,185788000000,None,4779000000,32000000,None,54671000000,900000000,95598000000,98274000000,63539000000,140020000000,702000000,9379288000,USD,6745000000,None,None,-786000000,8690000000,1610000000,2416000000,4166000000,-1452000000,6403000000,-283000000,-26247000000,-7668000000,None,None,None,2335000000,2335000000,None,None,None,None,-1734000000,None,-19732000000,52000000,6301000000
79,2016Q1,29.40655737704918,29.72950655737705,29.1685868852459,29.466229508196722,43345763.36065574,4.16,3.95,0.21,5.3165,USD,5516000000,27845000000,22329000000,20361000000,-3513000000,4608000000,None,5312000000,None,None,None,1736000000,None,None,1210000000,445000000,51000000,-177000000,None,248000000,1052000000,-3513000000,-3068000000,228000000,USD,462193000000,79136000000,108000000000,108000000000,23907000000,25918000000,158542000000,53786000000,36069000000,83102000000,16890000000,66212000000,32974000000,54628000000,32974000000,3013000000,None,366403000000,87937000000,13150000000,None,51082000000,51082000000,172602000000,None,4165000000,53862000000,None,55247000000,1000000000,86741000000,91088000000,69042000000,137750000000,702000000,9195657000,USD,644000000,None,None,258000000,1387000000,1655000000,1556000000,-1002000000,1491000000,107000000,31783000000,-22119000000,983000000,None,None,None,2234000000,2234000000,None,None,None,None,-6326000000,None,10340000000,31000000,228000000
80,2016Q2,30.409375,30.63703125,30.2413078125,30.44046875,33156502.734375,1.68,1.54,0.14,9.0909,USD,6192000000,33494000000,27302000000,22383000000,142000000,4883000000,None,5636000000,None,None,None,1326000000,None,None,1294000000,450000000,3369000000,461000000,None,3300000000,3715000000,142000000,592000000,2908000000,USD,401461000000,56035000000,91800000000,91800000000,24723000000,25128000000,157641000000,50436000000,35881000000,83747000000,16650000000,67097000000,39720000000,63178000000,39720000000,59000000,None,311708000000,67567000000,13115000000,None,31927000000,31927000000,162949000000,None,213000000,33932000000,None,32140000000,100000000,62971000000,84991000000,76124000000,138310000000,702000000,8961233000,USD,-3479000000,None,None,-126000000,1647000000,1744000000,1496000000,269000000,1138000000,2823000000,-15000000,-41355000000,-225000000,None,None,None,2274000000,2274000000,None,None,None,None,-7966000000,None,-44905000000,-55000000,2908000000
81,2016Q3,31.134375,31.2898765625,30.984078125,31.13109375,31911772.09375,4.08,3.65,0.43,11.7808,USD,6388000000,29266000000,22878000000,20966000000,-624000000,4343000000,None,4581000000,None,None,None,961000000,None,None,1136000000,3641000000,2045000000,18000000,None,2097000000,2504000000,-624000000,3719000000,2027000000,USD,387694000000,49303000000,98900000000,98900000000,24116000000,25187000000,162574000000,51453000000,36122000000,86767000000,16779000000,69988000000,46369000000,70723000000,46369000000,611000000,None,301098000000,66930000000,13067000000,None,31571000000,31571000000,40420000000,None,200000000,33746000000,None,31771000000,9800000000,60126000000,81882000000,-79849000000,138236000000,702000000,8846390000,USD,962000000,None,None,-181000000,1000000,1136000000,2057000000,-323000000,-35000000,1951000000,9735000000,-11419000000,-1779000000,4416000000,4416000000,None,2103000000,6611000000,None,None,None,None,-3677000000,None,-867000000,-145000000,2027000000
82,2016Q4,30.277619047619048,30.50820634920635,30.12325396825397,30.309841269841268,32039920.38095238,2.56,2.4,0.16,6.6667,USD,7027000000,2649000000,-4378000000,23773000000,7027000000,3923000000,4782000000,10290000000,None,None,None,1002000000,None,None,1356000000,1356000000,2232000000,-1435000000,None,397000000,-1827000000,7027000000,4591000000,3667000000,USD,359122000000,47873000000,48129000000,17000000,22354000000,42263000000,162554000000,50518000000,35356000000,86874000000,16436000000,70438000000,44313000000,69475000000,17000000,1745000000,None,284668000000,64820000000,14435000000,None,30714000000,30714000000,148860000000,None,105496000000,136211000000,None,136210000000,700000000,53812000000,70162000000,83038000000,139532000000,702000000,8742614000,USD,3033000000,None,None,1247000000,-2872000000,3432000000,2090000000,-658000000,-1779000000,3659000000,7632000000,-15571000000,-114000000,-40725000000,-41124000000,None,2195000000,2195000000,None,None,None,None,-3460000000,None,-5887000000,-977000000,3667000000
83,2017Q1,30.225161290322582,30.351917741935484,30.032258064516128,30.20241935483871,30333195.43548387,3.68,3.68,0,0,USD,2667000000,26881000000,24993000000,20359000000,-2433000000,4287000000,None,5100000000,None,None,None,1139000000,26880000000,None,1193000000,404000000,-188000000,-105000000,None,122000000,1739000000,-2433000000,-2029000000,-83000000,USD,351643000000,46220000000,42042000000,83500000000,22701000000,21675000000,163226000000,49016000000,35124000000,86828000000,16515000000,70313000000,41949000000,69331000000,41949000000,4076000000,None,272416000000,61228000000,13698000000,None,28324000000,28324000000,142709000000,None,236000000,28992000000,None,28560000000,1100000000,51227000000,68100000000,84833000000,137983000000,702000000,8683963000,USD,-82000000,428000000,None,-292000000,-1763000000,1597000000,1470000000,-2662000000,815000000,-187000000,2709000000,-10278000000,777000000,0,0,None,2084000000,2084000000,None,None,None,None,-1578000000,None,-7187000000,133000000,-83000000
84,2017Q2,28.665714285714287,28.81231746031746,28.443333333333335,28.600793650793648,35049276.26984127,1.68,1.35,0.33,24.4444,USD,3478000000,29097000000,26080000000,21793000000,-942000000,4152000000,None,4420000000,None,None,None,1174000000,29097000000,None,1125000000,679000000,1019000000,-38000000,None,1028000000,2366000000,-942000000,-263000000,1057000000,USD,355473000000,64244000000,44559000000,75000000,22843000000,39753000000,168355000000,50167000000,36153000000,89264000000,16929000000,72335000000,39968000000,68892000000,75000000,4096000000,None,276498000000,75832000000,13283000000,None,30044000000,30044000000,183083000000,None,104358000000,134402000000,None,134402000000,1200000000,50184000000,67372000000,85617000000,137044000000,702000000,8657946000,USD,2117000000,436000000,None,-437000000,29000000,1125000000,2000000000,-776000000,-173000000,1019000000,-400000000,97000000,35000000,0,0,None,2248000000,2248000000,None,None,None,None,-1154000000,None,2199000000,405000000,1057000000
85,2017Q3,25.24873015873016,25.409060317460316,25.047690476190475,25.226984126984128,38709425.634920634,2.24,2,0.24,12,USD,4523000000,30662000000,28949000000,24094000000,-1436000000,4741000000,None,5959000000,None,None,None,1232000000,30662000000,None,1397000000,630000000,809000000,-551000000,None,1429000000,2282000000,-1436000000,-806000000,1360000000,USD,378038000000,70914000000,40449000000,107000000,25848000000,43362000000,192413000000,54101000000,37321000000,108503000000,21435000000,87068000000,38696000000,68505000000,107000000,2369000000,None,280544000000,74347000000,14907000000,None,28127000000,28127000000,183171000000,None,108265000000,136392000000,None,136392000000,600000000,50339000000,69051000000,85199000000,136696000000,702000000,8672085000,USD,857000000,396000000,None,211000000,12000000,1397000000,1601000000,517000000,1084000000,1191000000,435000000,-6142000000,-281000000,0,0,None,2085000000,2085000000,None,None,None,None,112000000,None,-4220000000,715000000,1360000000
86,2017Q4,19.991111111111113,20.182877777777776,19.726946031746035,19.922777777777778,76971929.65079366,2.32,3.95,-1.63,-41.2658,USD,-8303000000,12639000000,39704000000,25688000000,-15438000000,1077000000,4803000000,7135000000,None,None,None,1324000000,31604000000,None,617000000,577000000,-12933000000,-2115000000,None,-10832000000,-10687000000,-15438000000,-14861000000,-10818000000,USD,369245000000,108245000000,43299000000,43397000000,19419000000,40846000000,186976000000,53874000000,35733000000,79094000000,20273000000,58821000000,38696000000,67557000000,98000000,4243000000,None,292355000000,69052000000,15172000000,None,24036000000,24036000000,182284000000,None,110555000000,134591000000,None,134591000000,20036000000,62976000000,56031000000,84902000000,117245000000,702000000,8680571000,USD,3662000000,5459000000,None,183000000,1997000000,3714000000,2849000000,565000000,-2050000000,-10872000000,2635000000,-2161000000,1263000000,0,0,None,2233000000,2233000000,None,None,None,None,70000000,None,3701000000,-362000000,-10818000000
87,2018Q1,15.52327868852459,15.729180327868853,15.270163934426229,15.46,94312046.0,2.16,2.29,-0.13,-5.6769,USD,2317000000,27788000000,26343000000,20911000000,-2560000000,4088000000,None,4877000000,None,None,None,1285000000,26002000000,None,1272000000,613000000,-1197000000,-50000000,None,261000000,395000000,-2560000000,-1947000000,-1147000000,USD,358109000000,61208000000,31499000000,69300000000,20574000000,39498000000,159779000000,53650000000,36564000000,106129000000,20661000000,85468000000,37156000000,37156000000,37156000000,4811000000,None,281367000000,60430000000,15060000000,None,19371000000,19371000000,175264000000,None,106468000000,125840000000,None,125839000000,-36010000000,82191000000,55965000000,84697000000,115477000000,702000000,8685338000,USD,312000000,484000000,None,-38000000,-220000000,1913000000,1917000000,-2035000000,1019000000,-1113000000,-566000000,-11899000000,-1291000000,0,0,None,1043000000,1043000000,None,None,None,None,-8000000,None,-12153000000,None,-1147000000
88,2018Q2,13.9571875,14.110312500000001,13.76109375,13.918125,68249074.453125,1.28,0.91,0.37,40.6593,USD,25616000000,29162000000,4488000000,21749000000,21116000000,4346000000,None,4500000000,None,None,None,1295000000,30104000000,None,1395000000,547000000,1304000000,504000000,None,864000000,229000000,21116000000,21663000000,800000000,USD,342769000000,56718000000,26820000000,559000000,20473000000,35686000000,153058000000,50866000000,36350000000,102192000000,19728000000,82464000000,36611000000,36611000000,559000000,4905000000,None,267639000000,50432000000,15026000000,None,14419000000,14419000000,166575000000,None,101154000000,115573000000,None,115573000000,-34527000000,81127000000,55069000000,84471000000,114913000000,702000000,8691081000,USD,-987000000,420000000,None,296000000,-2638000000,1395000000,1587000000,-1728000000,496000000,669000000,6003000000,-9014000000,-752000000,0,0,None,1193000000,1193000000,None,None,None,None,2000000,None,2449000000,None,800000000
89,2018Q3,12.862166666666667,13.002063492063492,12.722698412698412,12.862063492063491,57850031.96825397,1.52,1.41,0.11,7.8014,USD,2745000000,23392000000,26828000000,17847000000,-24092000000,4100000000,None,26837000000,None,None,None,1227000000,29574000000,None,1257000000,831000000,-22717000000,52000000,None,-22917000000,-22566000000,-24092000000,-23261000000,-22769000000,USD,311691000000,55589000000,21600000000,499000000,20642000000,34448000000,129853000000,50638000000,36878000000,79215000000,18838000000,60377000000,34761000000,34761000000,499000000,4588000000,None,263468000000,54649000000,15748000000,None,15206000000,15206000000,151534000000,None,99760000000,None,None,114966000000,20344000000,79429000000,31454000000,84202000000,90867000000,702000000,8698115000,USD,-2914000000,595000000,None,793000000,-784000000,1527000000,1757000000,-391000000,-68000000,-22859000000,6199000000,-4054000000,68000000,0,0,None,1046000000,1046000000,None,None,None,None,0,None,-19849000000,None,-22769000000
90,2018Q4,9.494285714285715,9.71111111111111,9.235396825396826,9.42047619047619,139674670.26984128,1.12,1.59,-0.47,-29.5597,USD,28015000000,26499000000,5263000000,20574000000,19412000000,3630000000,4862000000,8603000000,None,None,None,1252000000,33278000000,None,1062000000,536000000,394000000,-367000000,None,696000000,-423000000,19412000000,19948000000,761000000,USD,311072000000,53208000000,30736000000,146000000,13803000000,29488000000,148522000000,43611000000,32007000000,46152000000,12178000000,33974000000,33508000000,53835000000,146000000,2122000000,None,259591000000,50704000000,13826000000,None,12849000000,12776000000,148909000000,None,90823000000,73000000,None,103599000000,14866000000,20839000000,30981000000,83925000000,93109000000,702000000,8702227000,USD,8567000000,4847000000,None,-6236000000,1058000000,1875000000,2795000000,2788000000,-874000000,860000000,6644000000,-6839000000,-2461000000,0,0,None,1192000000,1192000000,None,None,None,None,-11000000,None,860000000,None,761000000
91,2019Q1,9.657377049180328,9.86122950819672,9.470655737704918,9.665737704918033,104133370.6557377,1.36,1.73,-0.37,-21.3873,USD,2324000000,22202000000,24962000000,16208000000,-2002000000,3402000000,None,4326000000,None,-1133000000,None,1133000000,25342000000,None,995000000,463000000,3728000000,140000000,None,960000000,4517000000,-2002000000,-1539000000,3588000000,USD,315082000000,56480000000,34398000000,3639000000,19419000000,33422000000,120512000000,50265000000,35773000000,70247000000,17053000000,53194000000,38275000000,38275000000,3639000000,10417000000,None,259020000000,54419000000,17059000000,None,15953000000,15953000000,142398000000,4180000000,91573000000,15953000000,None,107526000000,19776000000,83598000000,35161000000,83328000000,96921000000,702000000,8720808000,USD,122000000,421000000,None,-188000000,714000000,1712000000,1757000000,-668000000,1165000000,3645000000,3490000000,-3735000000,-446000000,0,0,None,88000000,88000000,None,None,None,None,40000000,None,-123000000,None,3588000000
92,2019Q2,9.850793650793651,9.992063492063492,9.73952380952381,9.876349206349207,58465699.952380955,1.12,0.72,0.4,55.5556,USD,1632000000,23414000000,27199000000,17412000000,-3917000000,3425000000,None,5549000000,None,-991000000,824000000,991000000,-25128000000,None,1487000000,454000000,-54000000,-181000000,None,-114000000,760000000,-3917000000,-3463000000,127000000,USD,312109000000,51923000000,28114000000,1761000000,19971000000,30191000000,137473000000,49943000000,36019000000,68925000000,16653000000,52272000000,39383000000,39383000000,1761000000,9206000000,None,255980000000,52752000000,17036000000,None,15620000000,15620000000,140281000000,4074000000,90158000000,15620000000,None,105778000000,18198000000,83792000000,35816000000,83137000000,96773000000,702000000,8727072000,USD,70000000,982000000,None,409000000,2100000000,454000000,1924000000,1224000000,786000000,104000000,-108000000,-2826000000,12000000,0,0,None,236000000,236000000,None,None,None,None,-5000000,None,3029000000,None,127000000
93,2019Q3,9.44890625,9.56953125,9.294375,9.42859375,65993322.1875,0.88,0.94,-0.06,-6.383,USD,1503000000,23360000000,21857000000,17328000000,-3125000000,3293000000,None,4628000000,None,-1279000000,689000000,1279000000,46000000,158000000,1004000000,496000000,-9382000000,41000000,None,-1283000000,-7931000000,-3125000000,-2629000000,-9423000000,USD,263009000000,51405000000,27177000000,9476000000,15203000000,26726000000,95474000000,42886000000,32310000000,37432000000,10766000000,26666000000,48225000000,48225000000,9476000000,12832000000,None,233856000000,49056000000,14493000000,None,17046000000,17046000000,123150000000,3169000000,76198000000,17045000000,None,93244000000,15218000000,81250000000,27935000000,82940000000,87213000000,702000000,8727072000,USD,1841000000,517000000,None,27000000,633000000,1500000000,702000000,778000000,162000000,-9383000000,1668000000,-7528000000,249000000,0,0,None,87000000,87000000,None,None,None,None,-4000000,None,-8379000000,None,-9423000000
94,2019Q4,10.3321875,10.480625,10.2303125,10.36546875,53009244.015625,1.2,0.88,0.32,36.3636,USD,2742000000,21245000000,23496000000,15962000000,-1640000000,3686000000,None,4382000000,None,2797000000,336000000,955000000,433000000,2064000000,1057000000,349000000,1281000000,553000000,None,-176000000,357000000,-1640000000,-1291000000,728000000,USD,265177000000,103096000000,35222000000,10025000000,17215000000,27047000000,113542000000,45879000000,31897000000,36548000000,10653000000,25895000000,48521000000,5700000000,10025000000,3362000000,13882000000,235316000000,78865000000,15926000000,19944000000,22072000000,23641000000,132463000000,3162000000,67241000000,22073000000,None,90882000000,17821000000,15938000000,28316000000,82797000000,87732000000,702000000,8738434000,USD,6701000000,4410000000,None,1203000000,-604000000,1406000000,1712000000,1517000000,-532000000,721000000,3927000000,-2044000000,465000000,0,0,None,238000000,238000000,None,None,None,None,-2000000,None,721000000,None,728000000
95,2020Q1,10.723548387096775,10.93741935483871,10.462258064516128,10.69758064516129,84013468.70967741,1.68,1.42,0.26,18.3099,USD,1424000000,19380000000,19100000000,14426000000,-2090000000,3061000000,723000000,-8858000000,None,-794000000,6388000000,794000000,12372000000,6869000000,991000000,340000000,6253000000,54000000,None,6218000000,7113000000,-2090000000,-1750000000,6199000000,USD,262021000000,48129000000,47286000000,5245000000,15457000000,27427000000,95478000000,43166000000,32453000000,36979000000,10381000000,26598000000,42299000000,42299000000,5245000000,506000000,None,225162000000,52742000000,15212000000,None,18122000000,18122000000,111882000000,None,67032000000,18121000000,None,85154000000,16509000000,77402000000,35284000000,82516000000,93615000000,702000000,8747092000,USD,-233000000,405000000,None,-925000000,1531000000,1331000000,1087000000,553000000,1077000000,6233000000,19105000000,-7919000000,-1905000000,0,0,None,89000000,89000000,None,None,None,None,0,None,10953000000,None,6199000000
96,2020Q2,6.825238095238095,6.972222222222222,6.615396825396825,6.7653968253968255,116018998.47619048,0.4,0.63,-0.23,-36.5079,USD,-2437000000,16811000000,20187000000,13633000000,-7670000000,3068000000,611000000,5233000000,None,958000000,1955000000,997000000,-123000000,2078000000,None,308000000,-2147000000,-160000000,205000000,-994000000,-1362000000,-7670000000,-7362000000,-1987000000,USD,256487000000,37757000000,41431000000,6465000000,15251000000,16041000000,93248000000,42821000000,33317000000,35119000000,10168000000,24951000000,44727000000,None,6465000000,4722000000,None,221233000000,43258000000,13469000000,None,9059000000,9059000000,48341000000,None,72819000000,9059000000,None,81878000000,16535000000,78446000000,33674000000,82320000000,91188000000,702000000,8753289000,USD,-1162000000,483000000,None,-1722000000,-447000000,308000000,625000000,-199000000,-239000000,-2132000000,-663000000,-4079000000,-1507000000,0,0,None,235000000,235000000,None,None,None,None,0,None,-2132000000,None,-1987000000
97,2020Q3,6.5396875,6.6602640625,6.418828125,6.5221875,89531011.0625,-1.2,-0.81,-0.39,-48.1481,USD,374000000,18609000000,19043000000,14042000000,-3478000000,3215000000,595000000,3852000000,None,-1327000000,1405000000,745000000,15000000,-517000000,None,428000000,-1627000000,-483000000,526000000,-1087000000,-449000000,-3478000000,-3050000000,-1144000000,USD,254315000000,37545000000,39162000000,5318000000,14925000000,17302000000,93442000000,42211000000,34675000000,35187000000,9909000000,25278000000,43760000000,None,5318000000,3587000000,None,219522000000,38817000000,13941000000,None,5977000000,5977000000,48335000000,None,73486000000,5977000000,None,79463000000,-33464000000,79065000000,33269000000,82125000000,89905000000,702000000,8759873000,USD,1335000000,440000000,None,208000000,876000000,428000000,654000000,1348000000,-406000000,-1195000000,-740000000,-3040000000,-786000000,0,0,None,88000000,88000000,None,None,None,None,0,None,-1195000000,None,-1144000000
98,2020Q4,8.976446875,9.1490234375,8.8255,8.9896875,101725859.6875,0.48,-0.33,0.81,245.4545,USD,5263000000,21033000000,15770000000,15770000000,5263000000,3284000000,636000000,5944000000,None,-737000000,2012000000,737000000,20264000000,2957000000,None,306000000,2738000000,102000000,-1552000000,2477000000,2386000000,5263000000,5569000000,2636000000,USD,256211000000,84853000000,36119000000,218000000,15890000000,16691000000,127521000000,44662000000,18251000000,35195000000,9671000000,25524000000,46004000000,42549000000,218000000,2659000000,16025000000,219138000000,54613000000,None,20016000000,4713000000,4713000000,138729000000,None,70189000000,4778000000,None,74902000000,15071000000,14781000000,35552000000,81961000000,92247000000,702000000,8765493000,USD,3628000000,4142000000,None,-1835000000,-1726000000,4942000000,1037000000,-383000000,-1537000000,2640000000,-1031000000,-4814000000,30000000,0,0,None,236000000,236000000,None,None,None,None,0,None,2640000000,None,2636000000
99,2021Q1,12.15622950819672,12.369614754098361,11.918895081967213,12.151639344262295,86440038.5737705,0.64,0.73,-0.09,-12.3288,USD,1388000000,17071000000,15730000000,12538000000,-2397000000,2894000000,561000000,3782000000,446000000,-61000000,439000000,500000000,3000000,None,None,301000000,-2660000000,142000000,0,92000000,-1947000000,-2397000000,-2096000000,-2802000000,USD,245164000000,113198000000,31783000000,239000000,16530000000,15687000000,82718000000,13488000000,18405000000,34715000000,9395000000,25320000000,37644000000,40786000000,239000000,1376000000,12308000000,210011000000,57681000000,None,19741000000,4468000000,4468000000,132487000000,None,66890000000,4468000000,None,71358000000,14139000000,14821000000,33585000000,81548000000,89276000000,702000000,8778641000,USD,-1959000000,424000000,None,-712000000,-245000000,301000000,356000000,-946000000,722000000,-2798000000,202000000,-1605000000,-319000000,0,0,None,148000000,148000000,None,None,None,None,0,None,-3362000000,None,-2802000000
100,2021Q2,13.38936507936508,13.539346031746032,13.227303174603176,13.386349206349207,59332789.26984127,0.24,0.11,0.13,118.1818,USD,1507000000,18253000000,16772000000,13618000000,-2281000000,2863000000,604000000,3788000000,233000000,114000000,602000000,488000000,-1402000000,None,None,288000000,-1597000000,-466000000,1416000000,-568000000,-58000000,-2281000000,-1993000000,-1131000000,USD,237559000000,102411000000,22460000000,6134000000,17016000000,15506000000,84171000000,13416000000,18858000000,34951000000,9460000000,25491000000,39196000000,360000000,6134000000,1315000000,12640000000,202512000000,56639000000,None,18980000000,4293000000,4293000000,121611000000,None,59231000000,4294000000,None,63524000000,13569000000,15245000000,33487000000,81425000000,87993000000,702000000,8781303049,USD,518000000,442000000,None,498000000,612000000,288000000,292000000,4000000,608000000,-1135000000,-308000000,-10401000000,-40000000,0,0,None,144000000,144000000,None,None,None,None,0,None,-1135000000,None,-1131000000
101,2021Q3,73.49609375,74.442846875,72.58997343749999,73.51015625,25561558.734375,0.4,0.28,0.12,42.8571,USD,2009000000,18569000000,16420000000,13401000000,-1665000000,2745000000,627000000,3674000000,133000000,20000000,482000000,462000000,16000000,None,None,272000000,1259000000,2000000,463000000,655000000,3999000000,-1665000000,-1393000000,1257000000,USD,237133000000,103587000000,24955000000,5300000000,16790000000,15145000000,83048000000,13153000000,18968000000,34520000000,9187000000,25333000000,38676000000,465000000,5300000000,1191000000,12651000000,198172000000,57676000000,None,18748000000,5459000000,5459000000,118269000000,None,57429000000,5459000000,None,62888000000,14349000000,14999000000,37477000000,81314000000,89098000000,15000000,1098137128,USD,2341000000,424000000,None,-447000000,-123000000,272000000,325000000,68000000,-146000000,1184000000,332000000,-395000000,-31000000,0,5000000,None,139000000,139000000,None,None,None,None,-5000000,None,1184000000,None,1257000000
102,2021Q4,101.05625,102.13491875,99.771665625,100.83578125,6719772.734375,0.57,0.43,0.14,32.5581,USD,5965000000,20303000000,14338000000,14338000000,5965000000,3213000000,705000000,4309000000,104000000,-426000000,1143000000,426000000,19492000000,None,None,278000000,-3806000000,37000000,3658000000,-3504000000,2816000000,5965000000,6243000000,-3843000000,USD,198874000000,66348000000,15100000000,12297000000,15847000000,15620000000,149638000000,31904000000,18901000000,35512000000,9330000000,26182000000,45821000000,42209000000,12297000000,1933000000,19040000000,157262000000,51953000000,10970000000,19361000000,4361000000,4361000000,72357000000,2848000000,30824000000,4361000000,None,35186000000,13977000000,13240000000,40310000000,81093000000,85110000000,15000000,1099027213,USD,2432000000,3789000000,None,-811000000,635000000,278000000,388000000,1051000000,-482000000,-3843000000,21082000000,-32776000000,-320000000,0,20000000,None,144000000,144000000,None,None,None,None,-20000000,None,-3843000000,None,-3843000000
103,2022Q1,95.69854838709678,97.12111774193548,94.39179999999999,95.76387096774194,6795403.79032258,0.92,0.85,0.07,8.2353,USD,12245000000,12675000000,4795000000,12453000000,6824000000,2725000000,403000000,5421000000,93000000,-538000000,107000000,538000000,39000000,None,None,1025000000,-1107000000,29000000,0,-1224000000,-391000000,6824000000,7849000000,-1136000000,USD,191961000000,63299000000,12047000000,10779000000,16570000000,16050000000,124390000000,12596000000,18935000000,34337000000,8290000000,26047000000,36183000000,39845000000,10779000000,2065000000,19767000000,151678000000,53344000000,None,18159000000,4985000000,4985000000,67387000000,None,28649000000,4985000000,None,33633000000,14216000000,12477000000,39005000000,80673000000,83927000000,15000000,1100664978,USD,-556000000,443000000,None,-1011000000,1739000000,1025000000,363000000,610000000,732000000,-1108000000,-444000000,-1459000000,47000000,39000000,39000000,0,140000000,140000000,None,None,None,None,-39000000,None,-2459000000,None,-1136000000
104,2022Q2,78.06451612903226,79.01544516129032,76.64339838709677,77.77306451612904,6997849.241935484,0.24,0.19,0.05,26.3158,USD,15482000000,14127000000,3164000000,13244000000,11626000000,1817000000,439000000,3856000000,54000000,-352000000,42000000,394000000,9000000,None,None,237000000,-721000000,161000000,0,-1133000000,-823000000,11626000000,11863000000,-882000000,USD,185540000000,60658000000,12587000000,6745000000,17553000000,16283000000,120392000000,12400000000,18857000000,33816000000,8026000000,25790000000,32540000000,36195000000,6745000000,1879000000,19737000000,149597000000,53883000000,None,18276000000,4947000000,4946000000,64784000000,None,27570000000,4946000000,None,32518000000,13909000000,11885000000,34649000000,80883000000,82981000000,15000000,1096553102,USD,550000000,70000000,None,402000000,1941000000,237000000,186000000,575000000,1142000000,-863000000,1969000000,-1681000000,17000000,331000000,331000000,0,154000000,154000000,None,None,None,None,-331000000,None,None,None,-882000000
105,2022Q3,70.515703125,71.5086296875,69.6161125,70.57875,6377521.84375,0.78,0.38,0.4,105.2632,USD,15752000000,14470000000,3332000000,11534000000,11756000000,1966000000,426000000,3996000000,123000000,-265000000,125000000,390000000,0,None,None,237000000,174000000,13000000,0,-243000000,-318000000,11756000000,11993000000,161000000,USD,180877000000,60082000000,12120000000,6297000000,17536000000,17197000000,116098000000,12013000000,18705000000,33000000000,7725000000,25275000000,30411000000,33624000000,6297000000,2059000000,19166000000,148124000000,54657000000,None,18287000000,4285000000,4285000000,62538000000,None,26120000000,4285000000,None,30405000000,15094000000,11767000000,31475000000,81049000000,82655000000,15000000,1092668140,USD,1423000000,54000000,None,1155000000,1772000000,237000000,252000000,1398000000,352000000,165000000,67000000,-1987000000,3000000,318000000,318000000,104000000,161000000,161000000,None,None,None,None,-318000000,None,None,None,161000000
106,2022Q4,78.65777777777777,79.84889206349206,77.7680619047619,78.9057142857143,5788187.428571428,0.75,0.46,0.29,63.0435,USD,6319000000,16828000000,15467000000,12440000000,6319000000,6272000000,1544000000,4992000000,187000000,-416000000,2436000000,300000000,21011000000,None,None,244000000,2495000000,273000000,465000000,3469000000,-1135000000,6319000000,6563000000,2197000000,USD,188851000000,58384000000,14446000000,7609000000,14891000000,14831000000,138972000000,31633000000,16303000000,19104000000,6105000000,12999000000,39742000000,36027000000,7609000000,1400000000,15477000000,153938000000,49428000000,12479000000,20124000000,3739000000,3739000000,63644000000,2393000000,28593000000,3757000000,None,24059000000,12130000000,11063000000,33696000000,81209000000,82983000000,15000000,1089107878,USD,4499000000,2993000000,None,762000000,-100000000,244000000,373000000,428000000,115000000,2213000000,678000000,-458000000,-2000000,0,360000000,0,184000000,184000000,None,None,None,None,-360000000,None,None,None,2197000000
107,2023Q1,83.60556612903227,84.9214693548387,82.83500967741935,84.12629032258064,8112341.322580645,1.24,1.13,0.11,9.7345,USD,12043000000,14486000000,2443000000,10729000000,9169000000,2142000000,431000000,2926000000,186000000,-83000000,6082000000,269000000,-41000000,6081000000,None,140000000,7777000000,271000000,None,6248000000,6489000000,9169000000,9309000000,7506000000,USD,164472000000,60286000000,11314000000,12814000000,16198000000,14212000000,99890000000,10317000000,16640000000,19097000000,5990000000,13107000000,34102000000,38262000000,12814000000,1464000000,15888000000,131649000000,48177000000,10049000000,18086000000,2262000000,2262000000,46474000000,None,20159000000,2262000000,None,22421000000,12313000000,10937000000,31652000000,80762000000,84955000000,15000000,1088960029,USD,-259000000,87000000,None,-579000000,739000000,140000000,299000000,-536000000,1275000000,7478000000,-1796000000,-3232000000,1000000,309000000,3309000000,3000000000,203000000,203000000,None,None,None,None,-3309000000,None,-5287000000,None,7506000000
108,2023Q2,101.28951612903225,102.38333387096775,100.44089677419355,101.46629032258065,5705085.177419355,0.27,0.14,0.13,92.8571,USD,14037000000,16699000000,2662000000,12362000000,10920000000,2358000000,455000000,3117000000,155000000,-112000000,155000000,267000000,26000000,692000000,None,160000000,368000000,333000000,None,1054000000,-249000000,10920000000,11080000000,35000000,USD,163006000000,60213000000,12025000000,10885000000,16789000000,14767000000,98709000000,10441000000,16771000000,19299000000,5954000000,13345000000,33234000000,37392000000,10885000000,1638000000,16172000000,130638000000,48108000000,10538000000,18526000000,1882000000,1882000000,45954000000,None,19900000000,1882000000,None,21782000000,11620000000,11067000000,31194000000,80524000000,84848000000,15000000,1088378193,USD,474000000,97000000,None,-1000000,1037000000,160000000,364000000,510000000,527000000,39000000,1635000000,-1162000000,-32000000,323000000,323000000,0,147000000,147000000,None,None,None,None,-323000000,None,947000000,None,35000000
109,2023Q3,112.62801587301588,113.6845365079365,111.69742380952381,112.61428571428571,4305660.19047619,0.68,0.46,0.22,47.8261,USD,14873000000,17346000000,2473000000,12905000000,12044000000,2171000000,471000000,2829000000,193000000,-93000000,849000000,286000000,7000000,None,None,149000000,486000000,138000000,None,175000000,571000000,12044000000,12193000000,348000000,USD,156662000000,56434000000,12410000000,7054000000,17020000000,14546000000,96078000000,10387000000,16767000000,18967000000,5790000000,13177000000,31082000000,35528000000,7054000000,1438000000,16307000000,126830000000,48164000000,10693000000,18522000000,1334000000,1334000000,44799000000,None,19488000000,1334000000,None,20822000000,12026000000,11177000000,28665000000,80244000000,85017000000,15000000,1088386043,USD,1823000000,75000000,None,146000000,324000000,149000000,402000000,-94000000,418000000,335000000,2454000000,-3824000000,-4000000,313000000,3108000000,2795000000,151000000,151000000,None,None,None,None,-3108000000,None,None,None,348000000
110,2023Q4,116.01968253968253,117.1308873015873,114.95762380952381,116.08857142857143,4718245.0,0.82,0.56,0.26,46.4286,USD,5027000000,19423000000,14396000000,14396000000,5027000000,2524000000,551000000,3484000000,205000000,-91000000,205000000,296000000,18514000000,None,None,158000000,2012000000,421000000,None,1589000000,-1208000000,5027000000,5185000000,1591000000,USD,163045000000,59799000000,15736000000,5706000000,16528000000,15466000000,117253000000,27332000000,None,19080000000,5695000000,13385000000,41465000000,38000000000,5706000000,1647000000,15997000000,134466000000,50876000000,10678000000,21016000000,1253000000,103000000,47474000000,1973000000,20862000000,1253000000,None,20965000000,12712000000,10508000000,27378000000,79976000000,86527000000,15000000,1088415995,USD,3141000000,1818000000,None,-643000000,257000000,158000000,530000000,953000000,-696000000,1591000000,1684000000,-395000000,-20000000,288000000,288000000,0,88000000,88000000,None,None,None,None,-288000000,None,None,None,1591000000
