,Quarter,1. open,2. high,3. low,4. close,5. volume,reportedEPS,estimatedEPS,surprise,surprisePercentage,reportedCurrency_x,grossProfit,totalRevenue,costOfRevenue,costofGoodsAndServicesSold,operatingIncome,sellingGeneralAndAdministrative,researchAndDevelopment,operatingExpenses,investmentIncomeNet,netInterestIncome,interestIncome,interestExpense,nonInterestIncome,otherNonOperatingIncome,depreciation,depreciationAndAmortization,incomeBeforeTax,incomeTaxExpense,interestAndDebtExpense,netIncomeFromContinuingOperations,comprehensiveIncomeNetOfTax,ebit,ebitda,netIncome_x,reportedCurrency_y,totalAssets,totalCurrentAssets,cashAndCashEquivalentsAtCarryingValue,cashAndShortTermInvestments,inventory,currentNetReceivables,totalNonCurrentAssets,propertyPlantEquipment,accumulatedDepreciationAmortizationPPE,intangibleAssets,intangibleAssetsExcludingGoodwill,goodwill,investments,longTermInvestments,shortTermInvestments,otherCurrentAssets,otherNonCurrentAssets,totalLiabilities,totalCurrentLiabilities,currentAccountsPayable,deferredRevenue,currentDebt,shortTermDebt,totalNonCurrentLiabilities,capitalLeaseObligations,longTermDebt,currentLongTermDebt,longTermDebtNoncurrent,shortLongTermDebtTotal,otherCurrentLiabilities,otherNonCurrentLiabilities,totalShareholderEquity,treasuryStock,retainedEarnings,commonStock,commonStockSharesOutstanding,reportedCurrency,operatingCashflow,paymentsForOperatingActivities,proceedsFromOperatingActivities,changeInOperatingLiabilities,changeInOperatingAssets,depreciationDepletionAndAmortization,capitalExpenditures,changeInReceivables,changeInInventory,profitLoss,cashflowFromInvestment,cashflowFromFinancing,proceedsFromRepaymentsOfShortTermDebt,paymentsForRepurchaseOfCommonStock,paymentsForRepurchaseOfEquity,paymentsForRepurchaseOfPreferredStock,dividendPayout,dividendPayoutCommonStock,dividendPayoutPreferredStock,proceedsFromIssuanceOfCommonStock,proceedsFromIssuanceOfLongTermDebtAndCapitalSecuritiesNet,proceedsFromIssuanceOfPreferredStock,proceedsFromRepurchaseOfEquity,proceedsFromSaleOfTreasuryStock,changeInCashAndCashEquivalents,changeInExchangeRate,netIncome_y
53,2009Q3,26.113125,26.39715625,25.79359375,26.1396875,14021656.25,0.64,0.59,0.05,8.4746,USD,6388000000,19071000000,12683000000,12683000000,1833000000,4121000000,None,4555000000,None,-167000000,None,167000000,None,6000000,None,434000000,1672000000,556000000,167000000,1116000000,1473000000,1839000000,2273000000,1116000000,USD,43998000000,16563000000,3107000000,3107000000,10797000000,None,27435000000,25851000000,11028000000,1168000000,1168000000,1168000000,None,34000000,6000000,1428000000,382000000,24829000000,12563000000,6018000000,None,None,1769000000,12266000000,None,9661000000,1769000000,None,11430000000,3610000000,2251000000,19169000000,372000000,12958000000,86000000,1704000000,USD,1601000000,None,None,None,None,458000000,181000000,-69000000,740000000,1116000000,-131000000,-572000000,None,None,None,None,381000000,381000000,None,32000000,None,None,32000000,None,898000000,-5000000,1116000000
54,2009Q4,27.3228125,27.6077515625,27.05585,27.330156249999998,14443639.0625,0.41,0.36,0.05,13.8889,USD,5561000000,16361000000,10800000000,10800000000,1263000000,3870000000,None,4298000000,None,-168000000,None,168000000,None,4000000,None,428000000,1099000000,410000000,168000000,689000000,644000000,1267000000,1695000000,689000000,USD,43050000000,15899000000,2719000000,2719000000,10817000000,None,27151000000,25581000000,11416000000,1163000000,1163000000,1163000000,None,33000000,6000000,1169000000,374000000,23670000000,12455000000,5829000000,None,None,1769000000,11215000000,None,8656000000,1769000000,None,10425000000,3680000000,2226000000,19380000000,470000000,13265000000,86000000,1701000000,USD,1336000000,None,None,-43000000,-171000000,453000000,215000000,-29000000,34000000,689000000,-171000000,-1570000000,None,None,None,None,382000000,382000000,None,3000000,None,None,-95000000,None,-405000000,17000000,689000000
55,2010Q1,30.092459016393445,30.37073770491803,29.870819672131148,30.14672131147541,15654129.50819672,0.24,0.17,0.07,41.1765,USD,5013000000,14569000000,9556000000,9556000000,727000000,3869000000,None,4286000000,3000000,-161000000,None,161000000,None,None,None,417000000,447000000,105000000,161000000,301000000,5314000000,608000000,1025000000,342000000,USD,40877000000,13900000000,1421000000,1421000000,10188000000,None,26977000000,25550000000,11795000000,1171000000,1171000000,1171000000,8451000000,33000000,6000000,1327000000,223000000,21484000000,10363000000,4863000000,None,None,1020000000,11121000000,None,9682000000,1020000000,None,9682000000,3322000000,2140000000,19393000000,585000000,13226000000,86000000,1698000000,USD,461000000,None,None,-1188000000,-684000000,442000000,398000000,-216000000,-653000000,5013000000,-370000000,-1404000000,None,115000000,115000000,None,381000000,381000000,None,36000000,None,None,-79000000,None,-1313000000,15000000,342000000
56,2010Q2,33.49174603174603,33.873333333333335,33.04558095238095,33.46634920634921,21241080.95238095,0.45,0.4,0.05,12.5,USD,5794000000,16863000000,11069000000,11069000000,1305000000,4078000000,None,4489000000,None,-142000000,None,142000000,None,-51000000,None,411000000,1116000000,391000000,142000000,725000000,869000000,1258000000,1669000000,725000000,USD,43619000000,16646000000,2436000000,2436000000,11479000000,None,26973000000,25404000000,12249000000,1192000000,1192000000,1192000000,None,None,6000000,1383000000,377000000,24248000000,13977000000,7051000000,None,None,2021000000,10271000000,None,7676000000,2021000000,None,9697000000,3680000000,2356000000,19371000000,1094000000,13552000000,86000000,1686000000,USD,2039000000,None,None,2481000000,1723000000,438000000,167000000,367000000,1227000000,5794000000,-140000000,-893000000,None,508000000,508000000,None,399000000,399000000,None,11000000,None,None,-497000000,None,1006000000,9000000,725000000
57,2010Q3,28.8421875,29.1854921875,28.5577015625,28.87015625,13898021.875,0.72,0.71,0.01,1.4085,USD,6582000000,19410000000,12828000000,12828000000,2049000000,4127000000,None,4533000000,None,-151000000,None,151000000,None,0,None,406000000,1901000000,709000000,151000000,1192000000,1078000000,2052000000,2458000000,1192000000,USD,42535000000,15757000000,2395000000,2395000000,10759000000,None,26778000000,25190000000,12626000000,1180000000,1180000000,1187000000,None,None,None,1385000000,401000000,23090000000,12739000000,5919000000,None,None,2022000000,10351000000,None,7727000000,2022000000,None,9749000000,3648000000,2428000000,19445000000,1794000000,14350000000,86000000,1666000000,USD,1324000000,None,None,-1140000000,-826000000,428000000,240000000,-121000000,-701000000,6582000000,-223000000,-1137000000,None,701000000,701000000,None,394000000,394000000,None,41000000,None,None,-660000000,None,-36000000,-5000000,1192000000
58,2010Q4,32.3171875,32.6336546875,32.088515625,32.3659375,12117484.375,0.51,0.48,0.03,6.25,USD,5685000000,16598000000,10913000000,10913000000,1448000000,3837000000,None,4237000000,4000000,-146000000,None,146000000,None,0,None,400000000,1306000000,472000000,146000000,834000000,817000000,1452000000,1852000000,834000000,USD,41741000000,15076000000,1425000000,1425000000,10993000000,None,26665000000,25050000000,12992000000,1187000000,1187000000,1180000000,None,139000000,None,1363000000,435000000,22626000000,11360000000,5714000000,None,None,1023000000,11266000000,None,8707000000,1023000000,None,9775000000,3462000000,2330000000,19115000000,2594000000,14793000000,86000000,1642000000,USD,623000000,None,None,-434000000,251000000,426000000,282000000,73000000,219000000,834000000,-261000000,-1336000000,None,765000000,765000000,None,391000000,391000000,None,4000000,None,None,-761000000,None,-974000000,4000000,834000000
59,2011Q1,36.637741935483874,36.993427419354845,36.32459677419355,36.66193548387097,10159638.709677419,0.36,0.31,0.05,16.129,USD,5243000000,15126000000,9883000000,9883000000,1037000000,3807000000,None,4206000000,None,-91000000,None,91000000,None,0,None,399000000,950000000,363000000,91000000,587000000,657000000,1041000000,1440000000,587000000,USD,40125000000,13479000000,545000000,545000000,10625000000,None,26646000000,25060000000,13325000000,None,None,1187000000,8497000000,None,272000000,1224000000,260000000,21236000000,10122000000,4717000000,None,None,1042000000,11114000000,None,9749000000,1042000000,None,9749000000,3186000000,2135000000,18889000000,3193000000,14995000000,86000000,1623000000,USD,599000000,None,None,-1176000000,-807000000,426000000,407000000,-217000000,-390000000,5243000000,-388000000,-1085000000,None,634000000,634000000,None,385000000,385000000,None,48000000,None,None,-586000000,None,-874000000,-6000000,587000000
60,2011Q2,36.41253968253969,36.721920634920636,36.131653968253964,36.42809523809523,10576258.73015873,0.5,0.49,0.01,2.0408,USD,5828000000,16823000000,10995000000,10995000000,1422000000,4009000000,None,4406000000,None,-141000000,None,141000000,None,0,None,397000000,1283000000,471000000,141000000,812000000,980000000,1424000000,1821000000,812000000,USD,42797000000,16161000000,1806000000,1806000000,11694000000,None,26636000000,24993000000,13747000000,1209000000,1209000000,1209000000,None,None,None,1205000000,434000000,24599000000,11458000000,6543000000,None,None,43000000,13141000000,None,10731000000,43000000,None,10763000000,3624000000,2184000000,18198000000,4274000000,15404000000,86000000,1598000000,USD,2098000000,None,None,2219000000,1365000000,424000000,199000000,360000000,990000000,5828000000,-184000000,-664000000,None,1301000000,1301000000,None,403000000,403000000,None,34000000,1994000000,None,-1267000000,None,1250000000,11000000,812000000
61,2011Q3,33.85421875,34.29275,33.41020625,33.831015625,14558939.0625,0.86,0.83,0.03,3.6145,USD,6876000000,20232000000,13356000000,13356000000,2294000000,4186000000,None,4582000000,3000000,-149000000,None,149000000,None,0,None,396000000,2148000000,785000000,149000000,1363000000,1353000000,2297000000,2693000000,1363000000,USD,42277000000,15857000000,2551000000,2551000000,10756000000,None,26420000000,24798000000,14099000000,1072000000,1072000000,1177000000,85000000,None,None,1218000000,445000000,24044000000,10947000000,5890000000,None,None,44000000,13097000000,None,10739000000,44000000,None,10775000000,3835000000,2136000000,18233000000,5493000000,16372000000,86000000,1569000000,USD,2389000000,None,None,-496000000,-1026000000,425000000,270000000,-122000000,-925000000,1363000000,-258000000,-1376000000,None,950000000,950000000,None,395000000,395000000,None,49000000,0,None,-901000000,None,755000000,-10000000,1363000000
62,2011Q4,37.58063492063492,38.04752380952381,37.23912539682539,37.69,11183900.0,0.6,0.58,0.02,3.4483,USD,5961000000,17326000000,11365000000,11365000000,1615000000,3956000000,None,4346000000,None,-162000000,None,162000000,None,0,None,390000000,1457000000,523000000,162000000,934000000,693000000,1619000000,2009000000,934000000,USD,41499000000,15478000000,2234000000,545000000,10717000000,None,26646000000,24532000000,14282000000,1120000000,1120000000,1072000000,None,None,None,1143000000,417000000,23730000000,10586000000,5669000000,None,None,1042000000,11114000000,None,10758000000,44000000,None,9749000000,3210000000,2205000000,17769000000,6294000000,16917000000,86000000,1222000000,USD,1204000000,None,None,-226000000,58000000,416000000,351000000,71000000,50000000,934000000,-241000000,-1257000000,None,805000000,805000000,None,389000000,389000000,None,8000000,0,None,-797000000,None,-294000000,-23000000,934000000
63,2012Q1,46.247258064516124,46.61777580645161,45.97601290322581,46.384838709677425,9423738.709677419,0.5,0.42,0.08,19.0476,USD,5597000000,16014000000,10417000000,10417000000,1330000000,3877000000,None,4267000000,None,-154000000,None,154000000,None,0,None,390000000,1180000000,406000000,154000000,774000000,705000000,1334000000,1724000000,774000000,USD,40518000000,14520000000,1987000000,1987000000,10325000000,None,25998000000,24448000000,14527000000,1139000000,1139000000,1120000000,8480000000,None,475000000,963000000,295000000,22620000000,9376000000,4856000000,None,None,30000000,13244000000,None,10792000000,30000000,None,10788000000,3343000000,2146000000,17898000000,6694000000,17246000000,87000000,1537000000,USD,960000000,None,None,-1092000000,-812000000,417000000,401000000,-139000000,-371000000,5597000000,-446000000,-751000000,None,414000000,414000000,None,445000000,445000000,None,215000000,0,None,-199000000,None,-237000000,-10000000,774000000
64,2012Q2,50.64968253968254,51.119615873015874,50.23365396825397,50.731904761904765,11901904.761904761,0.65,0.65,0,0,USD,6183000000,17808000000,11625000000,11625000000,1714000000,4086000000,None,4469000000,None,-156000000,None,156000000,None,67000000,None,383000000,1630000000,595000000,156000000,1035000000,1195000000,1786000000,2169000000,1035000000,USD,43300000000,17352000000,3191000000,3191000000,11582000000,None,25948000000,24371000000,14935000000,None,None,1139000000,None,None,None,1060000000,438000000,25325000000,12099000000,7135000000,None,None,33000000,13226000000,None,None,33000000,None,10825000000,3712000000,2112000000,17975000000,7623000000,17837000000,87000000,1530000000,USD,2490000000,None,None,2628000000,1548000000,410000000,228000000,254000000,1204000000,1035000000,-221000000,-1083000000,None,1131000000,1131000000,None,444000000,444000000,None,412000000,0,None,-719000000,None,1186000000,18000000,1035000000
65,2012Q3,54.82111111111111,55.28324285714286,54.46208888888889,54.934603174603176,8542082.53968254,1.01,0.97,0.04,4.1237,USD,7026000000,20570000000,13544000000,13544000000,2569000000,4066000000,None,4457000000,None,-155000000,None,155000000,None,0,None,391000000,2418000000,886000000,155000000,1532000000,1394000000,2573000000,2964000000,1532000000,USD,41983000000,16231000000,2810000000,2810000000,10910000000,None,25752000000,24154000000,15273000000,1157000000,1157000000,1157000000,None,None,None,1006000000,441000000,24349000000,11234000000,6137000000,None,None,34000000,13115000000,None,10771000000,34000000,None,10805000000,3807000000,2046000000,17634000000,8956000000,18933000000,87000000,1507000000,USD,1771000000,None,None,-817000000,-651000000,423000000,323000000,1000000,-624000000,1532000000,-360000000,-1768000000,None,1499000000,1499000000,None,436000000,436000000,None,141000000,0,None,-1358000000,None,-357000000,-24000000,1532000000
66,2012Q4,62.23435483870968,62.71036935483871,61.70605806451613,62.20677419354839,8374559.677419355,0.74,0.7,0.04,5.7143,USD,6267000000,18130000000,11863000000,11863000000,1733000000,4139000000,None,4534000000,None,-155000000,None,155000000,None,0,None,395000000,1583000000,636000000,155000000,947000000,1043000000,1738000000,2133000000,947000000,USD,41661000000,15955000000,2554000000,2554000000,10960000000,None,25706000000,24124000000,15668000000,1141000000,1141000000,1141000000,None,None,None,796000000,441000000,23923000000,10666000000,6010000000,None,None,34000000,13257000000,None,10779000000,34000000,None,10813000000,3427000000,2107000000,17738000000,9869000000,19448000000,88000000,1496000000,USD,1123000000,None,None,-612000000,-140000000,424000000,336000000,133000000,16000000,947000000,-406000000,-984000000,None,700000000,700000000,None,432000000,432000000,None,144000000,0,None,-556000000,None,-267000000,11000000,947000000
67,2013Q1,67.11799833333333,67.59998666666667,66.70458,67.18618666666666,6657783.333333333,0.67,0.64,0.03,4.6875,USD,6366000000,18246000000,11880000000,11880000000,1750000000,4217000000,None,4616000000,None,-166000000,None,166000000,None,0,None,399000000,1590000000,569000000,166000000,6366000000,1007000000,1756000000,2155000000,1021000000,USD,41084000000,15372000000,2494000000,2494000000,10710000000,None,25712000000,24069000000,14422000000,1170000000,1170000000,1170000000,8485000000,None,459000000,773000000,473000000,23307000000,11462000000,5376000000,None,None,1321000000,11845000000,None,9475000000,1321000000,None,10796000000,3495000000,2051000000,17777000000,10694000000,20038000000,88000000,1484000000,USD,1591000000,None,None,-473000000,-464000000,427000000,425000000,-245000000,-246000000,6366000000,-445000000,-1199000000,None,654000000,654000000,None,431000000,431000000,None,87000000,0,None,-567000000,None,-53000000,-7000000,1021000000
68,2013Q2,75.06,75.7609234375,74.560646875,75.14015625,7679714.0625,0.83,0.77,0.06,7.7922,USD,6679000000,19124000000,12445000000,12445000000,2094000000,4183000000,None,4585000000,None,-164000000,None,164000000,None,0,None,402000000,1933000000,707000000,164000000,6679000000,1262000000,2097000000,2499000000,1226000000,USD,44195000000,18620000000,4337000000,4337000000,11825000000,None,25575000000,23906000000,14782000000,None,None,1187000000,None,None,None,800000000,482000000,27802000000,14018000000,7384000000,None,None,1332000000,13784000000,None,None,1332000000,None,12792000000,3925000000,2054000000,16393000000,12605000000,20687000000,88000000,1461000000,USD,2697000000,None,None,2480000000,1428000000,435000000,278000000,259000000,1103000000,6679000000,-276000000,-589000000,None,2196000000,2196000000,None,577000000,577000000,None,64000000,1994000000,None,-2132000000,None,1832000000,11000000,1226000000
69,2013Q3,77.27703125000001,77.8252921875,76.641209375,77.18234375,6899712.5,1.24,1.21,0.03,2.4793,USD,7721000000,22522000000,14801000000,14801000000,3018000000,4294000000,None,4703000000,None,-174000000,None,174000000,None,0,None,409000000,2846000000,1051000000,174000000,7721000000,1643000000,3020000000,3429000000,1795000000,USD,42192000000,16895000000,3419000000,3419000000,11086000000,None,25297000000,23650000000,15102000000,1187000000,1187000000,1170000000,None,None,None,848000000,477000000,26714000000,12995000000,6585000000,None,None,1308000000,13719000000,None,11460000000,1308000000,None,12758000000,3723000000,1979000000,15478000000,14808000000,21916000000,88000000,1435000000,USD,2021000000,None,None,-948000000,-727000000,442000000,321000000,-106000000,-684000000,7721000000,-320000000,-2619000000,None,2150000000,2150000000,None,566000000,566000000,None,86000000,0,None,-2064000000,None,-918000000,0,1795000000
70,2013Q4,77.86875,78.4287984375,77.4030578125,77.9134375,6736229.6875,0.95,0.9,0.05,5.5556,USD,6798000000,19470000000,12672000000,12672000000,2293000000,4096000000,None,4505000000,None,-191000000,None,191000000,None,0,None,409000000,2105000000,754000000,191000000,6798000000,1324000000,2296000000,2705000000,1351000000,USD,43814000000,18598000000,4853000000,4853000000,11348000000,None,25216000000,23557000000,15432000000,1172000000,1172000000,1172000000,None,None,None,791000000,487000000,29600000000,12529000000,6366000000,None,None,1317000000,17071000000,None,14692000000,1317000000,None,16009000000,3554000000,2019000000,14214000000,16818000000,22711000000,88000000,1408000000,USD,1263000000,None,None,-437000000,193000000,440000000,365000000,66000000,264000000,6798000000,-349000000,528000000,None,2100000000,2100000000,None,556000000,556000000,None,14000000,3228000000,None,-2086000000,None,1442000000,-8000000,1351000000
71,2014Q1,79.60245901639344,80.08767540983607,79.04902950819671,79.54262295081968,6790108.196721312,0.73,0.71,0.02,2.8169,USD,6192000000,18171000000,11979000000,11504000000,1761000000,3549000000,None,3956000000,None,-182000000,None,182000000,None,0,None,407000000,1583000000,570000000,182000000,6192000000,805000000,1765000000,2172000000,1013000000,USD,40518000000,15279000000,1929000000,1929000000,11057000000,None,25239000000,23348000000,15716000000,1289000000,1289000000,1289000000,None,None,None,895000000,602000000,27996000000,10749000000,5797000000,None,None,33000000,17247000000,None,14691000000,33000000,None,14724000000,3582000000,2042000000,12522000000,19194000000,23180000000,88000000,1380000000,USD,1647000000,None,None,-283000000,-388000000,440000000,425000000,-204000000,-228000000,6192000000,-562000000,-3972000000,None,2100000000,2100000000,None,544000000,544000000,None,77000000,0,None,-2023000000,None,-2887000000,-37000000,1013000000
72,2014Q2,78.90873015873017,79.42095238095239,78.38600476190476,78.88095238095238,6543473.015873016,0.96,0.99,-0.03,-3.0303,USD,6757000000,19687000000,12930000000,12802000000,2277000000,4067000000,None,4480000000,None,-191000000,None,191000000,None,None,None,413000000,2186000000,807000000,191000000,6885000000,1421000000,2377000000,2790000000,1379000000,USD,42629000000,17515000000,2511000000,2511000000,12343000000,None,25114000000,23238000000,16088000000,None,None,1293000000,None,None,None,830000000,583000000,30483000000,13265000000,7739000000,None,None,34000000,17218000000,None,None,34000000,None,14741000000,4051000000,2013000000,12146000000,20444000000,23913000000,88000000,1368000000,USD,2568000000,None,None,2426000000,1649000000,447000000,287000000,433000000,1272000000,6885000000,-280000000,-1706000000,0,1250000000,1250000000,None,646000000,646000000,None,69000000,0,None,-1181000000,None,582000000,0,1379000000
73,2014Q3,85.660546875,86.2849671875,85.141328125,85.77359375,6566751.5625,1.52,1.45,0.07,4.8276,USD,8007000000,23811000000,15804000000,15650000000,3448000000,4146000000,None,4559000000,None,-208000000,None,208000000,None,100000000,None,413000000,3257000000,1207000000,208000000,8161000000,2053000000,3465000000,3878000000,2050000000,USD,43479000000,18491000000,4216000000,4216000000,11665000000,None,24988000000,23126000000,16477000000,1293000000,1293000000,1295000000,None,None,None,973000000,567000000,32022000000,12839000000,7165000000,None,None,34000000,19183000000,None,14707000000,34000000,None,16736000000,4137000000,1953000000,11457000000,22263000000,25324000000,88000000,1346000000,USD,2717000000,None,None,-450000000,-764000000,449000000,344000000,-194000000,-683000000,8161000000,-223000000,-790000000,0,2250000000,2250000000,None,639000000,639000000,None,79000000,1981000000,None,-2171000000,None,1704000000,1000000,2050000000
74,2014Q4,96.99890625,97.84353125,96.358140625,97.13671875,5595926.0625,1.11,1.13,-0.02,-1.7699,USD,7043000000,20516000000,13473000000,13331000000,2553000000,4080000000,None,4490000000,None,-218000000,None,218000000,None,105000000,None,410000000,2440000000,903000000,218000000,7185000000,1428000000,2658000000,3068000000,1537000000,USD,41512000000,16749000000,2181000000,2181000000,12008000000,None,24763000000,22940000000,16801000000,1283000000,1283000000,1283000000,None,None,None,949000000,540000000,31402000000,12260000000,6897000000,None,None,34000000,19142000000,None,16693000000,34000000,None,16727000000,3905000000,1937000000,10110000000,24936000000,26234000000,88000000,1318000000,USD,962000000,None,None,-634000000,373000000,449000000,368000000,-18000000,386000000,7185000000,-264000000,-2715000000,0,2078000000,2078000000,None,627000000,627000000,None,30000000,0,None,-2048000000,None,-2017000000,-18000000,1537000000
75,2015Q1,110.2944262295082,111.23436721311475,109.29008360655737,110.30344262295083,5316602.163934426,1,0.89,0.11,12.3596,USD,6582000000,19162000000,12580000000,12439000000,2191000000,3987000000,None,4391000000,None,-213000000,None,213000000,None,115000000,None,404000000,2093000000,714000000,213000000,6582000000,945000000,2306000000,2710000000,1379000000,USD,39946000000,15302000000,2216000000,1723000000,11079000000,None,24644000000,22720000000,15793000000,1353000000,1353000000,2102000000,None,None,None,1016000000,571000000,30624000000,11269000000,5807000000,None,None,328000000,19355000000,None,16869000000,38000000,None,17197000000,3666000000,1844000000,9322000000,26194000000,26995000000,88000000,1307000000,USD,1995000000,None,None,-784000000,-1013000000,441000000,443000000,-140000000,-851000000,6582000000,-504000000,-1860000000,290000000,1422000000,1422000000,None,618000000,618000000,None,74000000,0,None,-1348000000,None,-369000000,-89000000,1379000000
76,2015Q2,112.03587301587302,112.8647873015873,111.29555079365079,111.9647619047619,4775471.079365079,1.16,1.15,0.01,0.8696,USD,7179000000,20891000000,13712000000,13712000000,2597000000,4163000000,None,4582000000,None,-197000000,None,197000000,None,None,None,419000000,2404000000,825000000,197000000,7179000000,1704000000,2601000000,3020000000,1579000000,USD,42510000000,17995000000,2827000000,2827000000,12306000000,None,24515000000,22562000000,16238000000,None,None,1359000000,None,None,None,1023000000,594000000,33306000000,17005000000,8070000000,None,None,3054000000,16301000000,None,None,3054000000,None,16872000000,4278000000,1883000000,9204000000,27319000000,27805000000,88000000,1299000000,USD,3404000000,None,None,2963000000,1575000000,454000000,322000000,347000000,1198000000,7179000000,-317000000,-2001000000,-290000000,1125000000,1125000000,None,769000000,769000000,None,47000000,0,None,-1078000000,None,1086000000,18000000,1579000000
77,2015Q3,115.70984375,116.714678125,114.41895625,115.67828125,5548244.28125,1.71,1.71,0,0,USD,8365000000,24829000000,16464000000,16464000000,3647000000,4299000000,None,4718000000,None,-233000000,None,233000000,None,4000000,None,419000000,3563000000,1329000000,233000000,8365000000,1979000000,3796000000,4215000000,2234000000,USD,43798000000,19531000000,4936000000,4936000000,11859000000,None,24267000000,22302000000,16560000000,1359000000,1359000000,1340000000,None,None,None,1040000000,625000000,35161000000,16399000000,7495000000,None,None,3057000000,18762000000,None,13818000000,3057000000,None,19375000000,4195000000,1884000000,8637000000,29116000000,29275000000,88000000,1284000000,USD,2530000000,None,None,-472000000,-417000000,461000000,383000000,-115000000,-370000000,8365000000,-236000000,-139000000,0,1960000000,1960000000,None,764000000,764000000,None,87000000,2492000000,None,-1873000000,None,2155000000,-46000000,2234000000
78,2015Q4,127.0090625,127.94019375,126.14055625,127.229375,4818978.21875,1.36,1.32,0.04,3.0303,USD,7565000000,21819000000,14254000000,14254000000,2981000000,4161000000,None,4584000000,None,-247000000,None,247000000,None,7000000,None,423000000,2741000000,1016000000,247000000,7565000000,1645000000,2988000000,3411000000,1725000000,USD,44152000000,18606000000,3040000000,3040000000,12495000000,None,25546000000,22194000000,16922000000,2111000000,2111000000,2111000000,None,None,None,1129000000,1241000000,36533000000,15976000000,7236000000,None,None,3047000000,20557000000,None,17815000000,3047000000,None,20862000000,4180000000,1949000000,7619000000,31019000000,30246000000,88000000,1268000000,USD,1432000000,None,None,-564000000,329000000,469000000,378000000,-12000000,348000000,7565000000,-2024000000,-1283000000,0,1958000000,1958000000,None,754000000,754000000,None,15000000,1499000000,None,-1943000000,None,-1875000000,-21000000,1725000000
79,2016Q1,124.67868852459016,125.93568852459016,123.28491967213115,124.62655737704918,6178741.081967213,1.17,1.1,0.07,6.3636,USD,7156000000,20980000000,13824000000,13824000000,2549000000,4178000000,None,4607000000,None,-242000000,None,242000000,None,6000000,None,429000000,2313000000,842000000,242000000,7156000000,1235000000,2555000000,2984000000,1471000000,USD,41973000000,16484000000,2216000000,2216000000,11809000000,None,25556000000,22191000000,17075000000,2102000000,2102000000,2102000000,None,None,None,569000000,1196000000,35657000000,12524000000,6565000000,None,None,3402000000,20732000000,None,20888000000,77000000,None,21315000000,3968000000,1965000000,6316000000,33194000000,30973000000,88000000,1252000000,USD,2007000000,None,None,-776000000,-770000000,479000000,420000000,-39000000,-630000000,7156000000,-405000000,-2364000000,350000000,1957000000,1957000000,None,744000000,744000000,None,79000000,0,None,-1878000000,None,-762000000,-62000000,1471000000
80,2016Q2,132.2159375,133.13860937500002,131.3313125,132.23375,4831526.875,1.44,1.36,0.08,5.8824,USD,7791000000,22762000000,14971000000,14971000000,3077000000,4281000000,None,4714000000,None,-244000000,None,244000000,None,None,None,433000000,2840000000,1037000000,244000000,7791000000,2123000000,3084000000,3517000000,1803000000,USD,44576000000,19010000000,3257000000,3257000000,13219000000,None,25566000000,22243000000,17572000000,None,None,2123000000,None,None,None,545000000,1200000000,38241000000,15149000000,8711000000,None,None,44000000,23092000000,None,None,44000000,None,20948000000,4787000000,1885000000,6335000000,34444000000,31907000000,88000000,1245000000,USD,3636000000,None,None,2702000000,1410000000,486000000,325000000,57000000,1319000000,7791000000,-321000000,-2338000000,-350000000,1157000000,1157000000,None,862000000,862000000,None,29000000,2989000000,None,-1128000000,None,977000000,64000000,1803000000
81,2016Q3,133.263125,134.1411875,132.5188515625,133.26453125,4329528.078125,1.97,1.97,0,0,USD,8927000000,26472000000,17545000000,17545000000,4103000000,4388000000,None,4824000000,8000000,-236000000,None,236000000,None,8000000,None,436000000,3875000000,1434000000,236000000,2441000000,2241000000,4111000000,4547000000,2441000000,USD,44247000000,18941000000,4018000000,4018000000,12323000000,None,25306000000,21975000000,17859000000,2106000000,2106000000,2106000000,None,None,None,605000000,1225000000,37590000000,14525000000,8273000000,None,None,43000000,23065000000,None,20900000000,43000000,None,20943000000,4543000000,1874000000,6657000000,35694000000,33492000000,88000000,1236000000,USD,3241000000,None,None,-446000000,-700000000,492000000,372000000,34000000,-824000000,2441000000,-353000000,-2083000000,0,1284000000,1284000000,None,856000000,856000000,None,92000000,0,None,-1192000000,None,805000000,-44000000,2441000000
82,2016Q4,128.764126984127,129.85468095238096,127.95646031746031,128.89857142857142,5245535.26984127,1.6,1.58,0.02,1.2658,USD,8042000000,23154000000,15112000000,15112000000,3320000000,4280000000,None,4722000000,None,-246000000,None,246000000,None,11000000,None,442000000,3084000000,1115000000,246000000,1969000000,1864000000,3330000000,3772000000,1969000000,USD,44502000000,19348000000,3589000000,3589000000,13241000000,None,25154000000,21840000000,18175000000,2093000000,2093000000,2095000000,None,None,None,523000000,1219000000,38880000000,14431000000,8054000000,None,None,543000000,24449000000,None,22349000000,543000000,None,22881000000,4202000000,1856000000,5622000000,37823000000,34612000000,88000000,1220000000,USD,1042000000,None,None,-559000000,946000000,496000000,448000000,17000000,958000000,1969000000,-441000000,-1003000000,0,2094000000,2094000000,None,849000000,849000000,None,15000000,1970000000,None,-2079000000,None,-402000000,-27000000,1969000000
83,2017Q1,141.70935483870966,142.49830322580644,140.9162693548387,141.8266129032258,4065408.7258064514,1.44,1.34,0.1,7.4627,USD,7553000000,22207000000,14654000000,14654000000,2927000000,4183000000,None,4626000000,None,-246000000,None,246000000,None,13000000,None,443000000,2692000000,948000000,246000000,7553000000,1760000000,2938000000,3381000000,1744000000,USD,42966000000,17724000000,2538000000,2538000000,12549000000,None,25242000000,21914000000,18512000000,2095000000,2095000000,2093000000,None,None,None,608000000,1235000000,38633000000,14133000000,7000000000,None,None,1252000000,24500000000,None,22393000000,542000000,None,23601000000,4212000000,1855000000,4333000000,40194000000,35519000000,88000000,1203000000,USD,1864000000,None,None,-1043000000,-584000000,499000000,476000000,30000000,-684000000,7553000000,-468000000,-2446000000,710000000,2345000000,2345000000,None,837000000,837000000,None,82000000,0,None,-2263000000,None,-1050000000,-1000000,1744000000
84,2017Q2,153.36888888888888,154.1792365079365,152.529826984127,153.38968253968252,4219090.571428572,1.67,1.62,0.05,3.0864,USD,8154000000,23887000000,15733000000,15733000000,3349000000,4361000000,None,4805000000,13000000,-254000000,None,254000000,23887000000,None,None,444000000,3108000000,1094000000,254000000,2014000000,1958000000,3362000000,3806000000,2014000000,USD,44944000000,19896000000,3565000000,3565000000,13609000000,None,25048000000,21789000000,18867000000,None,None,2095000000,None,None,None,558000000,1164000000,40982000000,16438000000,9138000000,None,None,544000000,24544000000,None,None,544000000,None,22937000000,4924000000,1916000000,3962000000,41444000000,36461000000,89000000,1197000000,USD,4564000000,456000000,None,3105000000,1210000000,505000000,458000000,145000000,1051000000,2014000000,-445000000,-3081000000,-710000000,1289000000,1289000000,None,1069000000,1069000000,None,31000000,0,None,-1258000000,None,1038000000,-11000000,2014000000
85,2017Q3,153.39738095238096,154.3433492063492,152.39685873015873,153.3384126984127,5101772.904761905,2.25,2.22,0.03,1.3514,USD,9461000000,28108000000,18647000000,18647000000,4463000000,4549000000,None,4998000000,None,-265000000,None,265000000,28108000000,16000000,None,449000000,4214000000,1542000000,265000000,2672000000,3113000000,4479000000,4928000000,2672000000,USD,45959000000,20511000000,3549000000,4830000000,12868000000,None,25448000000,22035000000,19370000000,2235000000,2235000000,2235000000,None,None,None,626000000,1178000000,42405000000,15823000000,8541000000,None,None,545000000,26582000000,None,24422000000,545000000,None,24967000000,4806000000,1923000000,3554000000,44084000000,38073000000,89000000,1181000000,USD,3298000000,2302000000,None,-838000000,-847000000,510000000,388000000,-49000000,-863000000,2672000000,-646000000,-1568000000,0,2632000000,2632000000,None,1061000000,1061000000,None,106000000,1994000000,None,-2526000000,None,1084000000,181000000,2672000000
86,2017Q4,172.39396825396824,173.42487777777777,171.44802857142858,172.6020634920635,4315512.80952381,1.87,1.82,0.05,2.7473,USD,8648000000,25026000000,16378000000,16378000000,3680000000,4514000000,None,4968000000,None,-269000000,None,269000000,25026000000,23000000,None,454000000,3433000000,1268000000,269000000,2165000000,2018000000,3702000000,4156000000,2165000000,USD,45023000000,19682000000,3549000000,3549000000,13419000000,None,25341000000,21960000000,19654000000,2275000000,2275000000,2217000000,None,None,None,548000000,1164000000,42480000000,16002000000,8570000000,None,None,1323000000,26478000000,None,24267000000,1198000000,None,25589000000,4321000000,1968000000,2543000000,45993000000,39193000000,89000000,1168000000,USD,1879000000,1784000000,None,-442000000,509000000,518000000,508000000,-1000000,588000000,2165000000,-485000000,-2604000000,125000000,2146000000,2146000000,None,1044000000,1044000000,None,20000000,997000000,None,-2126000000,None,-1210000000,-71000000,2165000000
87,2018Q1,187.96688524590164,189.79360655737705,185.66803278688525,187.63016393442624,5270762.032786885,1.69,1.61,0.08,4.9689,USD,8093000000,23883000000,15790000000,15790000000,3189000000,4440000000,None,4904000000,None,-269000000,None,269000000,23883000000,22000000,None,464000000,2943000000,1164000000,269000000,8093000000,1842000000,3212000000,3676000000,1779000000,USD,44529000000,18933000000,3595000000,3595000000,12748000000,None,25596000000,22075000000,19339000000,2281000000,2281000000,2275000000,None,None,None,638000000,1246000000,43075000000,16194000000,7244000000,None,None,2761000000,26881000000,None,24244000000,1202000000,None,27028000000,4384000000,2174000000,1454000000,48196000000,39935000000,89000000,1158000000,USD,2290000000,1181000000,None,-1316000000,-1009000000,529000000,543000000,-234000000,-692000000,8093000000,-652000000,-1617000000,1435000000,1933000000,1933000000,None,1038000000,1038000000,None,98000000,0,None,-1835000000,None,21000000,25000000,1779000000
88,2018Q2,186.585,188.1503125,185.02046875,186.790625,4664820.171875,2.08,2.05,0.03,1.4634,USD,8617000000,24947000000,16330000000,16330000000,3381000000,4779000000,None,5236000000,None,-261000000,None,261000000,24947000000,None,None,457000000,3142000000,738000000,261000000,2404000000,2374000000,3403000000,3860000000,2404000000,USD,46650000000,21214000000,3599000000,3599000000,14432000000,None,25436000000,21928000000,19668000000,None,None,2281000000,None,None,None,887000000,1227000000,44963000000,18133000000,9726000000,None,None,1549000000,26830000000,None,None,1199000000,None,25793000000,4947000000,2586000000,1687000000,49044000000,41221000000,89000000,1154000000,USD,3981000000,458000000,None,3287000000,2265000000,532000000,556000000,319000000,1687000000,2404000000,-548000000,-3400000000,-1209000000,1121000000,1121000000,None,1189000000,1189000000,None,14000000,None,None,-1107000000,None,33000000,-29000000,2404000000
89,2018Q3,201.3474603174603,202.56460317460318,200.16698412698415,201.32492063492063,3817461.634920635,3.05,2.84,0.21,7.3944,USD,10365000000,30463000000,20098000000,20098000000,4901000000,5004000000,None,5464000000,None,-272000000,None,272000000,30463000000,26000000,None,460000000,4655000000,1149000000,272000000,3506000000,3328000000,4927000000,5387000000,3506000000,USD,46232000000,20802000000,3490000000,3490000000,14044000000,None,25430000000,21909000000,19955000000,2251000000,2251000000,2251000000,None,None,None,1104000000,1270000000,44223000000,18426000000,9407000000,None,None,2203000000,25797000000,None,23295000000,2203000000,None,25498000000,4827000000,2502000000,2009000000,50928000000,43543000000,89000000,1145000000,USD,3926000000,2066000000,None,-362000000,-130000000,530000000,535000000,-127000000,-332000000,3506000000,-527000000,-3414000000,-350000000,2000000000,2000000000,None,1184000000,1184000000,None,111000000,0,None,-1889000000,None,-15000000,-94000000,3506000000
90,2018Q4,179.97444444444443,181.98285714285714,177.24896984126985,179.32190476190476,6085079.444444444,2.51,2.26,0.25,11.0619,USD,9151000000,26302000000,17151000000,17151000000,3870000000,4808000000,None,5281000000,None,-249000000,None,249000000,26302000000,4000000,None,473000000,3646000000,779000000,249000000,2867000000,2924000000,3895000000,4368000000,2867000000,USD,45200000000,19809000000,1764000000,1764000000,14754000000,None,25391000000,22054000000,20293000000,2258000000,2258000000,2258000000,None,None,None,1120000000,1079000000,43880000000,18196000000,9054000000,None,None,2452000000,25684000000,None,26807000000,1054000000,None,25784000000,4832000000,2352000000,1320000000,53696000000,45235000000,89000000,1131000000,USD,2129000000,1348000000,None,-574000000,646000000,541000000,620000000,4000000,686000000,2867000000,-618000000,-3366000000,1398000000,2397000000,2397000000,None,1175000000,1175000000,None,15000000,0,None,-2382000000,None,2867000000,129000000,2867000000
91,2019Q1,183.01245901639345,184.5583606557377,181.65196721311477,183.43590163934425,4661668.491803279,2.25,2.16,0.09,4.1667,USD,9027000000,26491000000,17464000000,17464000000,3378000000,4922000000,None,5649000000,None,-269000000,None,269000000,26491000000,4000000,None,480000000,3113000000,769000000,269000000,9027000000,2289000000,3382000000,3862000000,2344000000,USD,44003000000,18529000000,1778000000,1778000000,13925000000,None,25474000000,22375000000,20564000000,None,None,2252000000,None,None,None,890000000,847000000,45881000000,16716000000,7755000000,None,None,2395000000,29165000000,None,None,1056000000,None,29202000000,4784000000,1867000000,-1878000000,58196000000,46423000000,89000000,1105000000,USD,3129000000,937000000,None,-1650000000,-1339000000,549000000,731000000,-229000000,-797000000,9027000000,-723000000,-2367000000,-59000000,4445000000,4445000000,None,1156000000,1156000000,None,96000000,3466000000,None,-4349000000,None,9027000000,-25000000,2344000000
92,2019Q2,199.04126984126984,200.8377777777778,197.75714285714287,199.46476190476193,4073755.412698413,2.27,2.18,0.09,4.1284,USD,9017000000,26381000000,17364000000,17364000000,3597000000,4940000000,None,5420000000,None,-288000000,None,288000000,26381000000,None,None,480000000,3324000000,811000000,288000000,9017000000,2481000000,3612000000,4092000000,2513000000,USD,51515000000,20553000000,1882000000,1882000000,15495000000,None,30962000000,22270000000,20900000000,None,None,2250000000,None,None,None,859000000,813000000,53658000000,19673000000,10311000000,None,None,2249000000,33985000000,972000000,None,1000000000,None,34198000000,5098000000,2036000000,-2143000000,59446000000,47459000000,89000000,1101000000,USD,4713000000,704000000,None,3180000000,1940000000,547000000,681000000,391000000,1586000000,9017000000,-688000000,-3913000000,-967000000,1368000000,1368000000,None,1499000000,1499000000,None,34000000,0,None,-1334000000,None,9017000000,-8000000,2513000000
93,2019Q3,218.32734375,220.046875,216.660625,218.59671875,3739717.828125,3.17,3.08,0.09,2.9221,USD,10432000000,30839000000,20407000000,20407000000,4896000000,5044000000,None,5536000000,None,-302000000,19000000,302000000,30839000000,15000000,None,492000000,4613000000,1134000000,302000000,10432000000,3538000000,4915000000,5407000000,3479000000,USD,52010000000,20699000000,2547000000,2547000000,14741000000,None,31311000000,22387000000,21300000000,None,None,2254000000,None,None,None,1137000000,881000000,53170000000,18798000000,9494000000,None,None,2146000000,34372000000,1020000000,27064000000,1248000000,None,34473000000,4925000000,2045000000,-1160000000,60696000000,49446000000,89000000,1096000000,USD,3830000000,2312000000,None,-1072000000,-606000000,560000000,565000000,-53000000,-776000000,10432000000,-561000000,-2621000000,-372000000,1251000000,1251000000,None,1492000000,1492000000,None,123000000,1404000000,None,-1128000000,None,10432000000,-8000000,3479000000
94,2019Q4,226.68125,228.04390625,225.08546875,226.4721875,4348685.953125,2.53,2.52,0.01,0.3968,USD,9387000000,27223000000,17836000000,17836000000,3947000000,4942000000,None,5440000000,None,-302000000,280000000,302000000,27223000000,19000000,None,498000000,3667000000,898000000,302000000,9387000000,2744000000,3969000000,4467000000,2769000000,USD,52309000000,21174000000,2193000000,2193000000,15711000000,None,31135000000,22472000000,21700000000,None,None,2253000000,None,None,None,1039000000,772000000,53391000000,19565000000,9240000000,None,None,3341000000,33826000000,1035000000,25562000000,1749000000,None,35051000000,4863000000,2116000000,-1082000000,61846000000,50729000000,89000000,1090000000,USD,2250000000,1373000000,None,-247000000,797000000,594000000,645000000,-40000000,978000000,9387000000,-631000000,-2073000000,695000000,1290000000,1290000000,None,1486000000,1486000000,None,28000000,0,None,-1262000000,None,9387000000,None,2769000000
95,2020Q1,218.91774193548386,222.77806451612904,215.28612903225806,219.52629032258062,6523655.677419355,2.28,2.1,0.18,8.5714,USD,8736000000,25782000000,17046000000,17046000000,3403000000,4814000000,None,5333000000,None,-309000000,292000000,309000000,25782000000,None,None,519000000,3111000000,630000000,309000000,2481000000,2543000000,3420000000,3939000000,2481000000,USD,51236000000,19810000000,2133000000,2133000000,14531000000,None,31426000000,22770000000,22100000000,None,None,2254000000,None,None,None,1040000000,807000000,54352000000,18375000000,7787000000,None,None,3641000000,35977000000,1081000000,29500000000,1755000000,None,37377000000,0,1535000000,-3116000000,65196000000,51729000000,89000000,1077000000,USD,2894000000,1038000000,None,-1785000000,-1435000000,595000000,787000000,-128000000,-1195000000,2481000000,-773000000,-2191000000,279000000,3056000000,3056000000,None,1481000000,1481000000,None,95000000,2016000000,None,-2961000000,None,-70000000,None,2481000000
96,2020Q2,228.4742857142857,231.90873015873015,225.70508095238094,228.90666666666664,5372732.015873016,2.08,2.27,-0.19,-8.37,USD,9625000000,28260000000,18635000000,18635000000,3276000000,5829000000,None,6349000000,None,-324000000,None,324000000,28260000000,None,None,520000000,2969000000,724000000,324000000,2245000000,1836000000,3293000000,3813000000,2245000000,USD,58737000000,27277000000,8696000000,8696000000,14989000000,None,31460000000,22697000000,22400000000,None,None,2220000000,None,None,None,982000000,909000000,62227000000,23348000000,10056000000,None,None,5053000000,38879000000,1326000000,None,4101000000,None,41750000000,157000000,2182000000,-3490000000,65793000000,52354000000,89000000,1076000000,USD,5737000000,397000000,None,3868000000,1173000000,607000000,586000000,534000000,633000000,2245000000,-578000000,1450000000,-974000000,791000000,791000000,None,1611000000,1611000000,None,18000000,4960000000,None,-773000000,None,6609000000,None,2245000000
97,2020Q3,270.908984375,273.39360625,268.0980921875,270.869375,3462474.46875,4.02,3.71,0.31,8.3558,USD,12941000000,38053000000,25112000000,25112000000,6067000000,6355000000,None,6874000000,None,-346000000,17000000,346000000,38053000000,17000000,None,519000000,5730000000,1398000000,346000000,4332000000,4468000000,6076000000,6595000000,4332000000,USD,63349000000,31361000000,14139000000,14139000000,13498000000,None,31988000000,23387000000,22900000000,None,None,2233000000,None,None,None,1162000000,932000000,63763000000,24199000000,11691000000,None,None,3307000000,39564000000,2056000000,31622000000,2348000000,None,40572000000,158000000,2299000000,-414000000,65793000000,55074000000,89000000,1076000000,USD,9092000000,1801000000,None,2252000000,-1503000000,615000000,446000000,-57000000,-1553000000,4332000000,-442000000,-3247000000,0,0,0,None,1612000000,1612000000,None,146000000,0,None,146000000,None,4332000000,None,4332000000
98,2020Q4,275.465859375,277.6175578125,272.710153125,274.88671875,3660139.96875,3.18,3.06,0.12,3.9216,USD,11456000000,33536000000,22080000000,22080000000,4852000000,6076000000,None,6604000000,None,-340000000,329000000,340000000,33536000000,11000000,None,528000000,4523000000,1091000000,340000000,3432000000,3479000000,4863000000,5391000000,3432000000,USD,66919000000,34505000000,14652000000,14652000000,16155000000,None,32414000000,23848000000,23500000000,None,None,2236000000,None,None,None,1032000000,897000000,65384000000,25395000000,12899000000,None,None,3333000000,39989000000,2590000000,30241000000,2348000000,None,41044000000,141000000,2278000000,1535000000,65793000000,56892000000,89000000,1076000000,USD,2586000000,1469000000,None,965000000,2702000000,631000000,471000000,103000000,2638000000,3432000000,-431000000,-1628000000,0,0,0,None,1614000000,1614000000,None,21000000,0,None,21000000,None,3432000000,None,3432000000
99,2021Q1,274.91262295081964,278.21670655737705,272.45118688524593,275.6245901639344,4731942.24590164,2.65,2.62,0.03,1.145,USD,10831000000,32261000000,21430000000,21430000000,4083000000,6187000000,None,6748000000,None,-337000000,6000000,337000000,32261000000,None,None,561000000,3756000000,899000000,337000000,2857000000,3151000000,4093000000,4654000000,2857000000,USD,70581000000,28477000000,7895000000,7895000000,16627000000,2992000000,48209000000,24705000000,24100000000,10738000000,3612000000,7126000000,None,None,None,963000000,4311000000,67282000000,23166000000,11606000000,2823000000,1416000000,0,44116000000,2700000000,34750000000,1350000000,None,34750000000,6493000000,1807000000,3299000000,65793000000,58134000000,89000000,1077000000,USD,1424000000,3362000000,None,-2116000000,276000000,666000000,960000000,-115000000,-61000000,2857000000,-8719000000,442000000,0,0,0,None,1614000000,1614000000,None,141000000,2973000000,None,141000000,None,-6853000000,None,2857000000
100,2021Q2,317.9580634920635,320.48605238095234,315.6702158730159,318.0655555555556,4034755.714285714,3.86,3.08,0.78,25.3247,USD,12742000000,37500000000,24758000000,24758000000,5781000000,6374000000,None,6961000000,6000000,-339000000,6000000,339000000,37500000000,None,None,587000000,5448000000,1303000000,339000000,4145000000,4208000000,5787000000,6374000000,4145000000,USD,72567000000,30672000000,6648000000,6648000000,19178000000,None,41895000000,24673000000,24700000000,None,None,7137000000,None,None,None,1222000000,4221000000,70819000000,27758000000,14494000000,None,None,1967000000,43061000000,2753000000,34697000000,999000000,None,41943000000,7882000000,3085000000,1748000000,69793000000,60504000000,90000000,1065000000,USD,6310000000,608000000,None,4151000000,3523000000,703000000,524000000,640000000,2519000000,4145000000,-528000000,-7070000000,0,3788000000,3788000000,None,1775000000,1775000000,None,13000000,0,None,-3775000000,None,-1288000000,None,4145000000
101,2021Q3,328.166375,330.85060625,325.84540625,328.34078125,3057881.546875,4.53,4.44,0.09,2.027,USD,13665000000,41118000000,27453000000,27453000000,6639000000,6433000000,None,7026000000,5000000,-326000000,5000000,326000000,41118000000,None,None,593000000,6318000000,1511000000,326000000,4807000000,4830000000,6644000000,7237000000,4807000000,USD,70769000000,28262000000,4566000000,4566000000,18909000000,None,42507000000,24750000000,25300000000,None,None,7454000000,None,None,None,1465000000,4343000000,68700000000,26666000000,12817000000,None,None,3242000000,42034000000,2905000000,33746000000,2248000000,None,42348000000,7109000000,2928000000,2069000000,72793000000,63560000000,90000000,1056000000,USD,3637000000,2931000000,None,-2339000000,-321000000,711000000,518000000,-319000000,-328000000,4807000000,-930000000,-4764000000,0,3117000000,3117000000,None,1751000000,1751000000,None,154000000,0,None,-2963000000,None,None,None,4807000000
102,2021Q4,379.90859375,383.9283671875,377.071515625,380.6928125,3445059.40625,3.92,3.4,0.52,15.2941,USD,12563000000,36820000000,24257000000,24257000000,5795000000,6168000000,None,6768000000,15000000,-341000000,15000000,341000000,36820000000,None,None,600000000,5469000000,1340000000,341000000,4129000000,4112000000,5810000000,6410000000,4129000000,USD,73031000000,30466000000,5067000000,5067000000,20582000000,3533000000,45459000000,24935000000,25800000000,7445000000,None,7445000000,None,None,None,1284000000,4282000000,71996000000,26903000000,13375000000,3499000000,2436000000,0,45093000000,3033000000,35927000000,2248000000,None,35927000000,6766000000,3091000000,1035000000,76293000000,65951000000,90000000,1046000000,USD,3439000000,1652000000,None,96000000,1650000000,714000000,695000000,212000000,1680000000,4129000000,-674000000,-2275000000,0,3469000000,3469000000,None,1738000000,1738000000,None,23000000,2979000000,None,-3446000000,None,4129000000,None,4129000000
103,2022Q1,348.10983870967743,351.86147580645166,342.6412629032258,346.8741935483871,5148789.612903226,3.21,3.18,0.03,0.9434,USD,11862000000,35719000000,23857000000,23857000000,4825000000,6431000000,None,7037000000,None,-341000000,18000000,341000000,35719000000,None,None,606000000,4502000000,1150000000,341000000,3352000000,3250000000,4843000000,5449000000,3352000000,USD,71876000000,29055000000,2343000000,2343000000,22068000000,3426000000,49220000000,25199000000,26100000000,10952000000,3503000000,7449000000,None,None,None,1218000000,4205000000,73572000000,28693000000,13462000000,3596000000,3447000000,1000000000,44879000000,3038000000,36400000000,2249000000,None,37400000000,7323000000,2013000000,-1696000000,80794000000,67580000000,90000000,1035000000,USD,3185000000,2799000000,None,442000000,1592000000,734000000,829000000,-98000000,1532000000,3352000000,-837000000,-5011000000,1035000000,4435000000,4435000000,None,1721000000,1721000000,None,147000000,0,None,-4288000000,None,-2663000000,None,3352000000
104,2022Q2,294.9809677419355,299.62892258064517,290.745614516129,295.23967741935485,4628270.274193549,4.09,3.68,0.41,11.1413,USD,13145000000,38908000000,25763000000,25763000000,5929000000,6610000000,None,7216000000,3000000,-372000000,3000000,372000000,38908000000,3000000,None,606000000,5560000000,1329000000,372000000,4231000000,4252000000,5932000000,6538000000,4231000000,USD,76567000000,33867000000,2844000000,2844000000,25297000000,None,42700000000,25166000000,26600000000,None,None,7450000000,None,None,None,1790000000,4104000000,78276000000,30387000000,15367000000,None,None,3322000000,47889000000,3112000000,39158000000,2249000000,None,47815000000,8023000000,3396000000,-1709000000,83044000000,69849000000,90000000,1029000000,USD,3789000000,628000000,None,2865000000,4348000000,727000000,704000000,489000000,3226000000,4231000000,-701000000,-2579000000,-1035000000,2308000000,2308000000,None,1962000000,1962000000,None,5000000,3957000000,None,-2303000000,None,509000000,None,4231000000
105,2022Q3,294.9815625,298.452534375,291.62753125,295.17609375,3358152.375,5.05,4.94,0.11,2.2267,USD,14483000000,43792000000,29309000000,29309000000,7210000000,6657000000,None,7273000000,2000000,-381000000,2000000,381000000,43792000000,2000000,None,616000000,6831000000,1658000000,381000000,5173000000,5184000000,7212000000,7828000000,5173000000,USD,75825000000,32941000000,1259000000,1259000000,26088000000,3725000000,45807000000,25247000000,27200000000,7451000000,None,7451000000,None,None,None,1869000000,4054000000,75588000000,27834000000,14348000000,3539000000,1757000000,539000000,47754000000,3082000000,37188000000,999000000,None,37727000000,7271000000,3052000000,237000000,84564000000,73074000000,90000000,1024000000,USD,3393000000,3142000000,None,-1725000000,719000000,746000000,743000000,-194000000,783000000,5173000000,-760000000,-4219000000,539000000,1654000000,1654000000,None,1948000000,1948000000,None,137000000,0,None,-1517000000,None,-1586000000,None,5173000000
106,2022Q4,304.0320634920635,308.21655555555554,300.6195682539683,304.6295238095238,4005287.0634920634,4.24,4.12,0.12,2.9126,USD,13224000000,38872000000,25648000000,25648000000,6148000000,6468000000,None,7076000000,7000000,-413000000,406000000,413000000,38872000000,7000000,None,608000000,5742000000,1403000000,413000000,4339000000,4155000000,6155000000,6763000000,4339000000,USD,76866000000,33681000000,2462000000,2462000000,25719000000,3732000000,46075000000,25240000000,27500000000,7434000000,None,7434000000,None,None,None,1768000000,3988000000,75568000000,24280000000,12402000000,3173000000,1224000000,0,51288000000,3038000000,39702000000,1000000000,None,39702000000,6539000000,3741000000,1298000000,85788000000,75467000000,90000000,1020000000,USD,2839000000,1563000000,None,-2678000000,-568000000,743000000,769000000,17000000,-261000000,4339000000,-784000000,-749000000,-539000000,1174000000,1174000000,None,1946000000,1946000000,None,4000000,2985000000,None,-1170000000,None,1306000000,None,4339000000
107,2023Q1,306.2533870967742,309.6681064516129,303.14144032258065,306.59354838709675,3902096.8870967743,3.3,3.28,0.02,0.6098,USD,11926000000,35831000000,23905000000,23905000000,4752000000,6549000000,None,7174000000,None,-451000000,43000000,451000000,35831000000,43000000,None,625000000,4344000000,982000000,451000000,3362000000,3500000000,4795000000,5420000000,3362000000,USD,76445000000,32471000000,2757000000,2757000000,24886000000,3317000000,50196000000,25631000000,26600000000,10767000000,3323000000,7444000000,None,None,None,1511000000,3958000000,74883000000,23110000000,11443000000,3064000000,1231000000,0,51773000000,3054000000,41150000000,1000000000,None,41150000000,6427000000,2566000000,1562000000,87298000000,76896000000,90000000,1016000000,USD,4594000000,2833000000,None,-1146000000,-1607000000,759000000,903000000,-423000000,-918000000,3362000000,-895000000,-3446000000,0,1560000000,1560000000,None,1933000000,1933000000,None,118000000,0,None,-1442000000,None,253000000,None,3362000000
108,2023Q2,295.2161290322581,298.13125322580646,292.4071629032258,295.40241935483874,4376252.419354838,3.82,3.8,0.02,0.5263,USD,12557000000,37257000000,24700000000,24700000000,5551000000,6355000000,None,7006000000,33000000,-474000000,441000000,474000000,37257000000,33000000,None,651000000,5110000000,1237000000,474000000,3873000000,3954000000,5584000000,6235000000,3873000000,USD,76386000000,32423000000,1260000000,1260000000,25371000000,4213000000,46842000000,25674000000,27000000000,7447000000,None,7447000000,None,None,None,1579000000,3911000000,76024000000,25446000000,12630000000,3119000000,1338000000,0,50578000000,3060000000,38954000000,1099000000,None,38954000000,7393000000,2500000000,362000000,90326000000,78651000000,90000000,1007000000,USD,5614000000,781000000,None,2162000000,1469000000,793000000,905000000,893000000,457000000,3873000000,-903000000,-6188000000,0,2887000000,2887000000,None,2118000000,2118000000,None,15000000,0,None,-2872000000,None,-1477000000,None,3873000000
109,2023Q3,321.6201587301587,324.0899285714286,319.7144746031746,321.5984126984127,2920389.603174603,4.65,4.45,0.2,4.4944,USD,14157000000,42916000000,28759000000,28759000000,6589000000,6915000000,None,7568000000,41000000,-469000000,428000000,469000000,42916000000,41000000,None,653000000,6161000000,1502000000,469000000,4659000000,4829000000,6630000000,7283000000,4659000000,USD,76387000000,31830000000,2814000000,2814000000,23265000000,3836000000,47438000000,25879000000,27700000000,7664000000,None,7664000000,None,None,None,1915000000,3875000000,75052000000,24227000000,12104000000,3079000000,1352000000,0,50825000000,3058000000,38796000000,1100000000,None,38796000000,7738000000,2739000000,1335000000,92343000000,81213000000,90000000,1001000000,USD,6591000000,3013000000,None,-1265000000,-2288000000,795000000,792000000,-401000000,-2208000000,4659000000,-999000000,-4078000000,0,2067000000,2067000000,None,2097000000,2097000000,None,160000000,0,None,-1907000000,None,1514000000,None,4659000000
110,2023Q4,309.24253968253964,311.65483809523806,307.07283650793653,309.6928571428572,3448667.619047619,3.81,3.76,0.05,1.3298,USD,12738000000,37710000000,24972000000,24972000000,5406000000,6649000000,None,7332000000,49000000,-487000000,438000000,487000000,37710000000,None,None,683000000,4968000000,1158000000,487000000,3810000000,3615000000,5455000000,6138000000,3810000000,USD,75577000000,30682000000,2058000000,2058000000,22805000000,3932000000,47755000000,25735000000,28100000000,7937000000,None,7937000000,None,None,None,1887000000,4152000000,74147000000,23572000000,11478000000,2784000000,1362000000,0,50575000000,3032000000,38635000000,1100000000,None,38635000000,7672000000,2955000000,1430000000,93859000000,82934000000,90000000,996000000,USD,4234000000,1527000000,None,-458000000,-99000000,827000000,671000000,46000000,-380000000,3810000000,-1246000000,-3657000000,0,1511000000,1511000000,None,2089000000,2089000000,None,17000000,0,None,-1494000000,None,None,None,3810000000
