,Quarter,1. open,2. high,3. low,4. close,5. volume,reportedEPS,estimatedEPS,surprise,surprisePercentage,reportedCurrency_x,grossProfit,totalRevenue,costOfRevenue,costofGoodsAndServicesSold,operatingIncome,sellingGeneralAndAdministrative,researchAndDevelopment,operatingExpenses,investmentIncomeNet,netInterestIncome,interestIncome,interestExpense,nonInterestIncome,otherNonOperatingIncome,depreciation,depreciationAndAmortization,incomeBeforeTax,incomeTaxExpense,interestAndDebtExpense,netIncomeFromContinuingOperations,comprehensiveIncomeNetOfTax,ebit,ebitda,netIncome_x,reportedCurrency_y,totalAssets,totalCurrentAssets,cashAndCashEquivalentsAtCarryingValue,cashAndShortTermInvestments,inventory,currentNetReceivables,totalNonCurrentAssets,propertyPlantEquipment,accumulatedDepreciationAmortizationPPE,intangibleAssets,intangibleAssetsExcludingGoodwill,goodwill,investments,longTermInvestments,shortTermInvestments,otherCurrentAssets,otherNonCurrentAssets,totalLiabilities,totalCurrentLiabilities,currentAccountsPayable,deferredRevenue,currentDebt,shortTermDebt,totalNonCurrentLiabilities,capitalLeaseObligations,longTermDebt,currentLongTermDebt,longTermDebtNoncurrent,shortLongTermDebtTotal,otherCurrentLiabilities,otherNonCurrentLiabilities,totalShareholderEquity,treasuryStock,retainedEarnings,commonStock,commonStockSharesOutstanding,reportedCurrency,operatingCashflow,paymentsForOperatingActivities,proceedsFromOperatingActivities,changeInOperatingLiabilities,changeInOperatingAssets,depreciationDepletionAndAmortization,capitalExpenditures,changeInReceivables,changeInInventory,profitLoss,cashflowFromInvestment,cashflowFromFinancing,proceedsFromRepaymentsOfShortTermDebt,paymentsForRepurchaseOfCommonStock,paymentsForRepurchaseOfEquity,paymentsForRepurchaseOfPreferredStock,dividendPayout,dividendPayoutCommonStock,dividendPayoutPreferredStock,proceedsFromIssuanceOfCommonStock,proceedsFromIssuanceOfLongTermDebtAndCapitalSecuritiesNet,proceedsFromIssuanceOfPreferredStock,proceedsFromRepurchaseOfEquity,proceedsFromSaleOfTreasuryStock,changeInCashAndCashEquivalents,changeInExchangeRate,netIncome_y
12,2011Q1,57.828709677419354,58.616867741935486,57.1474064516129,58.11693548387097,142368.4516129032,0.1744,None,None,None,USD,14432000,53101000,38669000,38669000,5990000,5232000,0,8442000,None,None,None,534000,None,None,None,3232000,-117543000,2457000,None,0,None,8502000,11734000,-114515000,USD,3026547000,789236000,280481000,280481000,None,None,2237311000,2080142000,None,20986000,20986000,None,None,None,None,133206000,None,961925000,69640000,None,None,None,None,892285000,None,314924000,None,None,314924000,69640000,None,2063832000,None,-643020000,379000,37905000,USD,4670000,None,None,None,None,3232000,9140000,None,None,None,None,200000,None,None,None,None,None,None,None,None,None,None,None,None,None,None,-114487000
13,2011Q2,67.35603174603175,68.22679206349207,66.22979523809524,67.23460317460317,241590.47619047618,-0.12,-0.1,-0.02,-20,USD,17537000,50823000,33286000,33286000,5689000,8359000,0,11848000,None,None,None,0,None,2244000,None,3197000,64843000,958000,None,63885000,None,7933000,11130000,65973000,USD,3025431000,794892000,275956000,275956000,0,None,2230539000,2230539000,None,20855000,20855000,0,None,None,0,147048000,None,894512000,65839000,None,None,None,None,828673000,None,306668000,None,None,306668000,298483000,144255000,2130110000,0,-577047000,379000,40870000,USD,12323000,None,None,None,None,3197000,9425000,None,0,None,0,-7312000,None,None,None,None,0,0,None,None,None,None,0,None,None,None,65993000
14,2011Q3,54.0534375,55.098334375,52.82359375,53.73078125,163425.0,1.74,0.08,1.66,2075,USD,19691000,86890000,67199000,67199000,2218000,9990000,0,17473000,None,None,None,0,None,-8964000,None,5958000,157264000,-7760000,None,165024000,None,5809000,11767000,164295000,USD,3476976000,925693000,293363000,293363000,0,None,2551283000,2551283000,None,28574000,28574000,0,None,None,0,137912000,None,1178161000,122079000,None,None,None,None,1056082000,None,708172000,None,None,708172000,85799000,146985000,2293762000,0,-412754000,379000,38755000,USD,4959000,None,None,None,None,5958000,6450000,None,0,None,0,6673000,None,None,None,None,0,0,None,None,None,None,0,None,None,None,165022000
15,2011Q4,45.10142857142857,45.9294126984127,44.24666825396826,45.077619047619045,137471.42857142858,4.33,0.09,4.24,4711.1111,USD,27770000,84878000,57108000,57108000,13569000,11601000,0,14201000,None,None,None,0,None,None,None,4692000,17961000,-13981000,None,0,None,16348000,21040000,31429000,USD,3395149000,834428000,227566000,227566000,0,None,2560721000,2560721000,None,36633000,36633000,0,None,None,0,137494000,None,1065550000,125404000,None,None,None,None,940146000,None,606477000,None,None,606477000,74587000,129939000,2324585000,0,-381325000,379000,37903000,USD,64556000,None,None,None,None,4692000,19365000,None,0,None,0,-103505000,None,None,None,None,0,0,None,None,None,None,0,None,None,None,31942000
16,2012Q1,54.55967903225807,55.28725806451613,54.071514516129035,54.80532258064516,136190.32258064515,0.7852,None,None,None,USD,23984000,79765000,55781000,55781000,9104000,9822000,0,14880000,None,None,None,1000,None,5009000,None,5014000,-107738000,3784000,None,-111522000,None,11480000,16494000,-112258000,USD,3390288000,824061000,209974000,209974000,0,None,2566227000,2566227000,None,36120000,36120000,0,None,None,0,142228000,None,1171648000,113944000,None,None,None,None,1057704000,None,598287000,None,None,598287000,20445000,381549000,2212890000,0,-493583000,379000,37903000,USD,-878000,None,None,None,None,5014000,7605000,3770000,0,None,-8951000,-7763000,None,None,None,None,0,0,None,None,None,None,0,None,-17592000,None,-111522000
17,2012Q2,62.18714285714286,63.03036666666667,61.37852380952381,62.20603174603175,131928.57142857142,-2.96,0.1,-3.06,-3060,USD,33274000,93939000,60665000,60665000,19057000,8160000,0,14217000,None,None,None,200000,None,2342000,None,5848000,36293000,1301000,None,34310000,None,21444000,27292000,34310000,USD,3467703000,854003000,254288000,254288000,0,None,2613700000,2613700000,None,36597000,36597000,0,None,None,0,132536000,None,1215297000,119435000,None,None,None,None,1095862000,None,659397000,None,None,659397000,77656000,359589000,2245974000,0,-459275000,379000,40251000,USD,30429000,None,None,None,None,5848000,12431000,5912000,0,None,7902000,5983000,None,None,None,None,0,0,None,None,None,None,0,None,44314000,None,34990000
18,2012Q3,65.51079365079366,66.19785714285715,64.8283619047619,65.5684126984127,97395.23809523809,1.07,0.1,0.97,970,USD,33705000,94815000,61110000,61110000,17362000,9339000,0,16343000,None,None,None,445000,None,2375000,None,6590000,-47574000,2618000,None,-49411000,None,19911000,26501000,-49411000,USD,3524070000,884085000,272854000,272854000,0,None,2639985000,2639985000,None,38895000,38895000,0,None,None,0,137492000,None,1322058000,136760000,None,None,None,None,1185298000,None,683804000,None,None,683804000,89650000,425956000,2196361000,0,-508686000,379000,37916000,USD,29709000,None,None,None,None,6590000,16779000,3602000,0,None,-19277000,8134000,None,None,None,None,0,0,None,None,None,None,0,None,18566000,None,-50192000
19,2012Q4,71.85064516129032,72.56233387096775,71.15871129032259,71.91435483870967,119353.2258064516,-1.3032,None,None,None,USD,43121000,108369000,65248000,65248000,26941000,8527000,0,16180000,None,None,None,318000,None,-289000,None,7073000,-1635000,-816000,None,-920000,None,12753000,19826000,-927000,USD,3503042000,765007000,229197000,229197000,15845000,None,2738035000,2666284000,None,37467000,37467000,0,None,None,0,21393000,None,1192045000,134685000,None,None,None,59572000,1057360000,None,688312000,None,None,688312000,79188000,256065000,2305238000,0,-509613000,395000,39441000,USD,93804000,None,None,None,None,7073000,37552000,30176000,0,None,-61023000,-76438000,None,None,None,None,0,0,None,None,None,None,-80548000,None,-43657000,None,-819000
20,2013Q1,76.36116666666666,77.07284,75.802405,76.49516666666666,185325.0,-0.0239,None,None,None,USD,27338000,90091000,62753000,62753000,9294000,11171000,0,18044000,None,None,None,143000,None,2356000,None,6704000,-20691000,2479000,None,-23170000,None,12479000,19183000,-23124000,USD,3546412000,761508000,200536000,200536000,28529000,None,2784904000,2717213000,None,36287000,36287000,0,None,None,0,21673000,None,1253696000,142926000,None,None,None,39722000,1110770000,None,696761000,None,None,696761000,73071000,291168000,2283265000,0,-532737000,395000,39441000,USD,16639000,None,None,None,None,6704000,43940000,-3472000,463000,None,-56598000,11298000,None,None,None,None,12000,12000,None,None,None,None,0,None,-28661000,None,-23170000
21,2013Q2,98.29734375,99.7824359375,97.1631734375,98.66203125,189885.9375,0.3,0.33,-0.03,-9.0909,USD,61616000,147052000,85436000,85436000,47790000,6769000,0,13826000,None,None,None,8333000,None,2067000,None,6780000,-63135000,13361000,None,-76496000,None,48065000,54845000,-76554000,USD,3604596000,811549000,213196000,213196000,0,None,2793047000,2718837000,None,35602000,35602000,0,None,None,0,125803000,None,1387280000,178232000,None,None,None,-29883000,1209048000,None,715530000,None,None,715530000,-25602000,404187000,2209941000,0,-609291000,396000,39460825,USD,72776000,None,None,None,None,6712000,52235000,-1479000,11313000,None,-79958000,19842000,None,None,None,None,2134000,2134000,None,None,None,None,0,None,12660000,None,-76496000
22,2013Q3,109.83515625,110.94648125,108.2247203125,109.5946875,129789.0625,1.07,0.39,0.68,174.359,USD,29142000,103514000,74372000,74372000,10700000,11914000,0,18442000,None,None,None,1000,None,2061000,None,10065000,12605000,5172000,None,7433000,None,17085000,27150000,7335000,USD,3719230000,764224000,210760000,210760000,846000,None,2955006000,2818778000,None,34894000,34894000,0,None,None,0,21427000,None,1493654000,217197000,None,None,None,126252000,1276457000,None,765980000,None,None,765980000,130948000,409522000,2218103000,0,-601956000,396000,42439000,USD,19351000,None,None,None,None,10065000,79794000,1246000,367000,None,-74981000,53194000,None,None,None,None,0,0,None,None,None,None,0,None,-2436000,None,7433000
23,2013Q4,113.7821859375,115.0773015625,112.4760203125,113.8428125,162820.3125,0.17,0.55,-0.38,-69.0909,USD,50396000,133953000,83557000,83557000,43430000,14156000,0,6966000,None,None,None,9615000,None,-3299000,None,10577000,7096000,-11442000,None,18538000,None,50050000,60627000,18553000,USD,4567868000,1480964000,894948000,894948000,25115000,None,3086904000,2974126000,None,34117000,34117000,0,None,None,0,20116000,None,2322722000,266005000,None,None,None,178149000,2056717000,None,1514623000,None,None,1514623000,190554000,434743000,2238584000,0,-583403000,396000,39454000,USD,20566000,None,None,None,None,10577000,5241000,7562000,-13734000,None,-82788000,746410000,None,None,None,None,897000,897000,None,None,None,None,0,None,684188000,None,18538000
24,2014Q1,131.61731147540985,133.16731639344263,130.27625081967213,131.86934426229507,184801.6393442623,0.44,0.32,0.12,37.5,USD,31033000,98653000,67620000,67620000,13947000,16882000,0,17086000,None,None,None,7321000,None,-88184000,None,10670000,-81558000,4773000,None,-86331000,None,22203000,32873000,-86316000,USD,4699741000,1442499000,827087000,827087000,73234000,None,3257242000,3132383000,None,33397000,33397000,0,None,None,0,18288000,None,2539096000,299326000,None,None,None,177057000,2239770000,None,1559381000,None,None,1559381000,227289000,533042000,2154098000,0,-669719000,396000,39413699,USD,26225000,None,None,None,None,10670000,2053000,19780000,-38786000,None,-140759000,46673000,None,None,None,None,0,0,None,None,None,None,0,None,-67861000,None,-86331000
25,2014Q2,146.05126984126983,147.27686666666668,144.64498253968256,146.25,134915.87301587302,-2.19,0.26,-2.45,-942.3077,USD,115171000,209631000,94460000,94460000,91781000,17497000,0,23390000,None,None,None,8897000,None,-42158000,None,11601000,29799000,44532000,None,-14733000,None,106066000,117667000,-14760000,USD,4980581000,1429800000,739568000,739568000,128812000,None,3550781000,3411426000,None,32704000,32704000,0,None,None,0,24503000,None,2832752000,330507000,None,None,None,137719000,2502245000,None,1639133000,None,None,1639133000,253364000,686843000,2141267000,0,-684479000,396000,39458000,USD,-16957000,None,None,None,None,11601000,2464000,4065000,143203000,None,-150208000,79646000,None,None,None,None,12000,12000,None,None,None,None,0,None,-87519000,None,-14733000
26,2014Q3,153.675859375,154.64815625,152.44431875,153.5665625,93795.59375,-0.37,0.38,-0.75,-197.3684,USD,40337000,119228000,78891000,78891000,23850000,14759000,0,16487000,None,None,None,13298000,None,29037000,None,13191000,46205000,590000,None,45615000,None,34813000,48004000,45615000,USD,5311169000,1537941000,805606000,805606000,0,None,3773228000,3623124000,None,32350000,32350000,0,None,None,0,185445000,None,3114999000,375859000,None,None,None,153953000,2739140000,None,1880916000,None,None,1880916000,291360000,676584000,2189608000,0,-638864000,396000,43171000,USD,6691000,None,None,None,None,13191000,1696000,2343000,0,None,-175019000,234366000,None,None,None,None,0,0,None,None,None,None,0,None,66038000,None,45615000
27,2014Q4,140.6290625,142.2125734375,138.6209203125,140.1809375,141301.03125,0.48,0.39,0.09,23.0769,USD,81641000,207053000,125412000,125412000,37144000,24431000,0,44497000,None,None,None,10270000,None,123836000,None,21164000,44994000,13065000,None,31929000,None,-23336000,-2172000,31930000,USD,5119931000,948493000,560451000,560451000,168220000,None,4171438000,3979658000,None,60627000,60627000,0,None,53686000,0,2397000,None,2892425000,380723000,None,None,None,185988000,2511702000,None,1985500000,3144000,None,1993470000,268138000,370733000,2223763000,0,-606934000,396000,39536940,USD,-74274000,None,None,None,None,21164000,2308000,19021000,11310000,None,-280470000,109589000,None,None,None,None,0,0,None,None,None,None,0,None,-245155000,None,31929000
28,2015Q1,137.62,139.35077540983607,136.0531754098361,137.96639344262297,217476.22950819673,0.81,0.19,0.62,326.3158,USD,56275000,155090000,98815000,98815000,16457000,18963000,0,39818000,None,None,None,13246000,None,-106886000,None,21931000,-103675000,2284000,None,-105959000,None,18381000,40312000,-105959000,USD,5248776000,846886000,458372000,458372000,157177000,None,4401890000,4211910000,None,57583000,57583000,0,None,None,0,2425000,None,3125051000,394254000,None,None,None,224658000,2730797000,None,2123617000,None,None,2123617000,285364000,479599000,2119953000,0,-712894000,397000,39465000,USD,-21902000,None,None,None,None,21931000,2221000,-2880000,29866000,None,-212424000,132247000,None,None,None,None,0,0,None,None,None,None,0,None,-102079000,None,-105959000
29,2015Q2,149.36825396825398,150.67701269841268,147.78676825396826,149.20539682539683,117325.25396825396,-2.68,0.07,-2.75,-3928.5714,USD,71114000,209163000,138049000,138049000,25572000,19606000,0,45542000,None,None,None,14685000,None,43972000,None,25120000,54859000,4274000,None,50585000,None,26924000,52044000,50573000,USD,5405829000,877352000,488629000,488629000,97797000,None,4528477000,4380156000,None,54073000,54073000,0,None,None,0,2015000,None,3228817000,412903000,None,None,None,263109000,2815914000,None,2286174000,None,None,2286174000,285211000,437035000,2173228000,0,-662320000,398000,43197000,USD,20945000,None,None,None,None,25120000,1642000,1765000,4077000,None,-152749000,162061000,None,None,None,None,0,0,None,None,None,None,0,None,30257000,None,50585000
30,2015Q3,131.06140625,132.4666359375,129.382778125,130.69,181845.140625,0.33,0.17,0.16,94.1176,USD,81734000,203442000,121708000,121708000,36544000,18526000,0,45190000,None,None,None,15212000,None,153117000,None,25205000,174449000,18237000,None,156212000,None,36948000,62153000,156224000,USD,5544524000,894436000,450647000,450647000,92866000,None,4650088000,4505161000,None,51320000,51320000,0,None,None,0,1194000,None,3208998000,455666000,None,None,None,258552000,2753332000,None,2322296000,None,None,2322296000,288270000,313453000,2331754000,0,-506096000,398000,42913000,USD,33601000,None,None,None,None,25205000,5642000,-77000,8220000,None,-105581000,33998000,None,None,None,None,0,0,None,None,None,None,0,None,-37982000,None,156212000
31,2015Q4,120.733990625,122.044509375,119.19945625,120.71125,145514.171875,0.16,0.01,0.15,1500,USD,92184000,229393000,137209000,137209000,40191000,24250000,0,51993000,None,None,None,16601000,None,1497000,None,27420000,25087000,-794000,None,25881000,None,40818000,68238000,25881000,USD,5721582000,1060304000,445301000,445301000,0,None,4661278000,4599474000,None,49090000,49090000,0,None,57811000,0,441190000,None,3357693000,515354000,None,None,None,-194507000,2842339000,None,2443962000,4452000,None,2443962000,-144315000,309156000,2360117000,0,-480215000,398000,43866102,USD,-8714000,None,None,None,None,27203000,5934000,51420000,37849000,None,-104814000,108182000,None,None,None,None,0,0,None,None,None,None,0,None,-5346000,None,25881000
32,2016Q1,96.40868852459018,98.12401475409837,94.34694426229508,96.38655737704917,210472.7868852459,0.57,-0.08,0.65,812.5,USD,98469000,239666000,141197000,141197000,192970000,20324000,0,45978000,None,None,None,15993000,None,32021000,None,22786000,208998000,65233000,None,143765000,None,54878000,77664000,143765000,USD,6031974000,1430751000,736834000,736834000,79392000,None,4601223000,4469193000,None,46839000,46839000,0,None,None,0,2316000,None,3531511000,483501000,None,None,None,211271000,3048010000,None,2543638000,None,None,2555417000,273177000,281280000,2496691000,-840000,-336450000,398000,42400000,USD,-42361000,None,None,None,None,22786000,5855000,4564000,20520000,None,239171000,94723000,None,None,None,None,0,0,None,None,None,None,0,None,291533000,None,143765000
33,2016Q2,107.55828125,108.8901140625,106.4630984375,107.765,162547.421875,2.31,0.62,1.69,272.5806,USD,109222000,272151000,162929000,162929000,73636000,20053000,0,35586000,None,None,None,16533000,None,-23440000,None,24428000,33663000,26693000,None,6970000,None,94870000,119298000,6970000,USD,6217619000,1502860000,670800000,670800000,106498000,None,4714759000,4539577000,None,43026000,43026000,0,None,None,0,3223000,None,3714432000,457615000,None,None,None,184970000,3256817000,None,2651805000,None,None,2662239000,272398000,331678000,2499415000,-1231000,-329480000,398000,42664000,USD,-94474000,None,None,None,None,24428000,1484000,-7794000,33669000,None,-77372000,105812000,None,None,None,None,0,0,None,None,None,None,0,None,-66034000,None,6970000
34,2016Q3,116.3203125,117.3297640625,115.42818125,116.41328125,109977.796875,1.58,0.75,0.83,110.6667,USD,82406000,240806000,158400000,158400000,784000,21128000,0,45958000,None,None,None,16102000,None,6389000,None,22699000,18158000,10162000,None,7996000,None,50760000,73459000,7973000,USD,6470383000,1654622000,653041000,653041000,34888000,None,4815761000,4723048000,None,41915000,41915000,0,None,None,0,3703000,None,3956498000,469185000,None,None,None,182322000,3487313000,None,2847002000,None,None,2859422000,288580000,349377000,2510113000,-1295000,-321507000,398000,42760000,USD,-81471000,None,None,None,None,22699000,1310000,3197000,385134000,None,-95883000,159595000,None,None,None,None,0,0,None,None,None,None,180000,None,-17759000,None,7996000
35,2016Q4,111.16856349206348,112.31090317460318,110.10136984126984,111.1784126984127,125668.74603174604,1.1,0.54,0.56,103.7037,USD,108513000,278546000,170033000,170033000,59372000,25083000,0,49141000,None,None,None,17096000,None,17680000,None,24618000,59956000,16361000,None,43595000,None,80949000,105567000,43595000,USD,6367382000,1492449000,665510000,665510000,0,None,4874933000,4810402000,None,41504000,41504000,0,None,76376000,0,666516000,None,3795872000,572010000,None,None,None,-230732000,3223862000,None,2690747000,-149000,None,2690747000,-113717000,332170000,2567738000,-1231000,-277912000,398000,42740196,USD,277221000,None,None,None,None,24094000,1013000,29328000,29141000,None,-104479000,-160273000,None,None,None,None,0,0,None,None,None,None,820000,None,12469000,None,43595000
36,2017Q1,112.84403225806452,113.77044838709676,111.89056612903227,112.90145161290323,157659.43548387097,1.05,0.66,0.39,59.0909,USD,88828000,231762000,142934000,142934000,77554000,18117000,0,43489000,None,None,None,17858000,None,-49830000,None,25041000,15356000,-9697000,None,5659000,None,54964000,80005000,5659000,USD,6408142000,1299350000,541508000,541508000,221921000,None,5108792000,4917701000,None,72960000,72960000,0,None,None,0,3537000,None,3790836000,395755000,None,None,None,136586000,3395081000,None,2750254000,2749714000,None,2771492000,258113000,313797000,2613534000,-1231000,-272253000,404000,42757000,USD,-57760000,None,None,None,None,25041000,2559000,3178000,10309000,None,-87511000,21269000,None,None,None,None,0,0,None,None,None,None,11271000,None,-124002000,None,5659000
37,2017Q2,124.22650793650794,125.25730476190476,123.06538571428572,124.1973015873016,220491.92063492062,0.13,0.69,-0.56,-81.1594,USD,112369000,308639000,196270000,196270000,54133000,22944000,0,58236000,None,None,None,14448000,None,-20262000,None,34462000,19423000,16303000,None,3120000,None,65060000,99522000,3120000,USD,6667449000,1476878000,660086000,660086000,224360000,None,5190571000,4991650000,None,69655000,69655000,0,None,None,0,3258000,None,3699956000,410692000,None,None,None,223377000,3289264000,None,3002846000,3006699000,None,3015842000,281845000,None,2963721000,-1763000,-269133000,432000,43051000,USD,-39883000,None,None,None,None,34462000,2255000,-2906000,13614000,None,-95008000,253469000,None,None,None,None,0,0,None,None,None,None,7838000,None,118578000,None,3120000
38,2017Q3,119.83380952380952,120.6209634920635,118.9985126984127,119.78920634920635,172224.96825396825,0.52,0.72,-0.2,-27.7778,USD,83004000,258736000,175732000,175732000,24372000,22362000,0,58869000,None,None,None,17241000,None,9231000,None,35619000,16362000,5846000,None,10516000,None,33646000,69265000,10504000,USD,6723696000,1472747000,601934000,601934000,377679000,None,5250949000,5046297000,None,67095000,67095000,0,None,None,0,3892000,None,3693314000,390654000,None,None,None,224172000,3302660000,None,2993448000,7742000,None,3007191000,288629000,None,3026610000,-1763000,-258629000,433000,43267000,USD,-29878000,None,None,None,None,35619000,1122000,1330000,215286000,None,-69970000,41696000,None,None,None,None,0,0,None,None,None,None,50610000,None,-58152000,None,10516000
39,2017Q4,124.80444444444444,125.84103174603175,123.96740317460318,124.98460317460317,186158.3650793651,0.24,0.5,-0.26,-52,USD,104530000,300983000,196453000,196453000,62443000,26459000,0,61002000,None,None,None,15021000,None,4417000,None,35803000,69681000,-77647000,None,147328000,None,44333000,80136000,149121000,USD,6729064000,1392322000,861059000,861059000,112679000,None,5336742000,5110120000,None,65918000,65918000,1307000,None,76593000,0,19242000,None,3540513000,459782000,None,None,None,295646000,3080731000,None,2857945000,5961000,None,2857945000,351621000,None,3182986000,-3476000,-109508000,433000,42976000,USD,446553000,None,None,None,None,35803000,1032000,22432000,77783000,None,-70192000,-117236000,None,None,None,None,0,0,None,None,None,None,8575000,None,259125000,None,147328000
40,2018Q1,128.39704918032788,129.76426229508198,127.28655737704918,128.60688524590165,327185.262295082,1.1,0.23,0.87,378.2609,USD,55767000,161679000,105912000,105912000,2539000,24264000,0,53228000,None,None,None,16609000,None,16462000,None,28188000,2392000,558000,None,1834000,None,19001000,47189000,1474000,USD,6737986000,1057203000,632838000,632838000,149585000,None,5680783000,5445747000,None,64327000,64327000,0,None,85911000,132105000,11873000,None,3658623000,422934000,None,None,None,127830000,3235689000,None,2895771000,2895771000,None,2908519000,324167000,None,3073438000,-60743000,-175879000,436000,43363000,USD,-86421000,None,None,None,None,28188000,1295000,-6100000,42352000,None,-99881000,-13055000,None,None,None,None,0,0,None,None,None,None,-57267000,None,-199357000,None,1834000
41,2018Q2,133.7546875,134.7059375,132.5471875,133.59796875,229348.15625,0.03,0.49,-0.46,-93.8776,USD,48771000,181005000,132234000,132234000,-8295000,26886000,0,57066000,None,None,None,18903000,None,18902000,None,29087000,-8296000,-2417000,None,-5879000,None,10607000,39694000,-5088000,USD,7133697000,1094360000,606715000,606715000,46780000,None,6039337000,5801471000,None,63211000,63211000,0,None,99444000,129654000,13127000,None,3983086000,499339000,None,None,None,196904000,3483747000,None,3137773000,694000,None,3157269000,400385000,None,3075438000,-60743000,-180967000,436000,42942000,USD,-25404000,None,None,None,None,29087000,1670000,625000,2252000,None,-301230000,298060000,None,None,None,None,0,0,None,None,None,None,71277000,None,-28574000,None,-5879000
42,2018Q3,131.9320634920635,132.76857142857142,130.81742063492064,131.76126984126984,213912.39682539683,-0.12,0.22,-0.34,-154.5455,USD,100072000,257160000,157088000,157088000,42312000,20645000,0,57760000,None,None,None,21670000,None,10692000,None,32175000,31334000,7487000,None,23847000,None,53004000,85179000,23365000,USD,7296870000,1056917000,454080000,454080000,78696000,None,6239953000,6009093000,None,61125000,61125000,0,None,107720000,158468000,9026000,None,4115844000,475457000,None,None,None,145090000,3640387000,None,3261210000,1749000,None,3290185000,373748000,None,3105288000,-60743000,-157602000,436000,43317000,USD,-27993000,None,None,None,None,32175000,1702000,-38515000,27923000,None,-253038000,157210000,None,None,None,None,0,0,None,None,None,None,2117000,None,-123821000,None,23847000
43,2018Q4,109.59857142857143,110.76571428571428,107.7986507936508,109.11412698412698,223746.14285714287,0.54,0.3,0.24,80,USD,140404000,464693000,324289000,324289000,70254000,32830000,0,70150000,None,None,None,24846000,None,2380000,None,38167000,47788000,9864000,None,37924000,None,72638000,110805000,37261000,USD,7355799000,1375403000,499676000,499676000,198352000,None,5980396000,5884682000,None,59834000,59834000,1307000,None,102287000,None,411636000,None,4117673000,779272000,None,None,None,-327263000,3338401000,None,3181213000,16517000,None,3181213000,-63627000,None,3132212000,-62190000,-120341000,436000,43326744,USD,350338000,None,None,None,None,38796000,192495000,70199000,28592000,None,-187622000,-51049000,None,None,None,None,None,None,None,None,None,None,-1448000,None,111667000,None,37924000
44,2019Q1,108.46786885245902,109.5964918032787,107.44356721311476,108.6467213114754,191767.7868852459,0.86,0.93,-0.07,-7.5269,USD,115037000,353890000,238853000,238853000,53743000,25332000,None,61288000,None,-20753000,10802000,23326000,None,12524000,None,36269000,42941000,11016000,None,31925000,None,66273000,102542000,31821000,USD,7416007000,989506000,452908000,452908000,69110000,None,6426501000,6131867000,None,40368000,40368000,None,None,102944000,None,10950000,None,4108534000,456950000,None,None,None,206690000,3651584000,71888000,3241985000,24160000,None,3340378000,354551000,71888000,3160467000,-62190000,-88520000,437000,43257000,USD,-59683000,None,None,None,None,36269000,1178000,-5679000,None,None,-175833000,98607000,None,None,None,None,None,None,None,None,None,None,40987000,None,-136909000,None,31925000
45,2019Q2,107.1631746031746,108.75553333333333,105.90368888888888,107.46063492063493,280016.65079365077,0.74,1.89,-1.15,-60.8466,USD,92159000,431316000,339157000,339157000,33399000,30072000,None,58616000,None,-21952000,2251000,24203000,None,8605000,None,37967000,17801000,4473000,None,13328000,None,43099000,81066000,13477000,USD,7709178000,1273579000,650702000,650702000,65392000,None,6435599000,6138265000,None,39328000,39328000,None,None,113965000,None,231527000,None,4357411000,498751000,None,None,None,226525000,3858660000,71125000,3422490000,40848000,None,3531161000,384689000,71125000,3163724000,-62190000,-75043000,437000,43271000,USD,219940000,None,None,None,None,37967000,1434000,-4590000,None,None,-178313000,219667000,None,None,None,None,None,None,None,None,None,None,44392000,None,261294000,None,13328000
46,2019Q3,129.61671875,130.95609375,128.18515625,129.72140625,223671.375,0.31,0.31,0,0,USD,93606000,231172000,137566000,137566000,46639000,32519000,None,71168000,None,-25957000,2872000,28829000,None,7414000,None,40294000,38761000,8718000,None,30043000,None,29852000,70146000,29758000,USD,7947915000,1313714000,637979000,637979000,60329000,None,6634201000,6220052000,None,38375000,38375000,None,None,195680000,None,241859000,None,4567859000,480616000,None,None,None,193408000,4087243000,71190000,3624684000,48788000,None,3730987000,363513000,71190000,3191551000,-62190000,-45285000,438000,43428000,USD,-23061000,None,None,None,None,40294000,2783000,7725000,None,None,-181660000,198750000,None,None,None,None,None,None,None,None,None,None,2718000,None,-5971000,None,30043000
47,2019Q4,116.28734375,117.4728125,115.13046875,116.39875,298589.640625,0.69,0.11,0.58,527.2727,USD,126602000,284161000,157559000,157559000,16529000,68328000,None,108384000,None,-26915000,2101000,29016000,None,11883000,None,40656000,4037000,5038000,None,-1001000,None,30101000,70757000,-1100000,USD,8413766000,1249908000,422857000,422857000,60731000,None,7163858000,6829753000,None,88302000,88302000,1307000,None,6882112000,None,300373000,None,5080778000,733147000,None,None,None,-282357000,4347631000,70413000,4096470000,40135000,None,4166883000,-87563000,70413000,3148133000,-120530000,-46385000,437000,36666667,USD,70536000,None,None,None,None,40640000,1556000,27063000,None,None,-697091000,404061000,None,None,None,None,None,None,None,None,None,None,-53922000,None,-222494000,None,-1001000
48,2020Q1,105.74887096774194,107.26032258064517,103.19282258064516,105.14903225806451,331467.27419354836,-0.03,-0.4,0.37,92.5,USD,-20512000,175175000,195687000,195687000,-137229000,39081000,None,106103000,None,-33302000,1146000,34448000,None,12495000,None,61594000,-159182000,-34100000,None,-125082000,None,-114077000,-52483000,-125134000,USD,9119724000,1765247000,971695000,971695000,57491000,None,7354477000,6931058000,None,86655000,86655000,None,None,7000004000,None,332347000,None,5347126000,513450000,None,None,None,149370000,4833676000,69980000,4304590000,None,None,4410016000,390350000,69980000,3587691000,-120530000,-171537000,561000,43380000,USD,-73181000,None,None,None,None,61594000,270000,9596000,None,None,-153206000,844965000,None,None,None,None,None,None,None,None,None,None,595122000,None,618578000,None,-125082000
49,2020Q2,53.28698412698412,54.72412698412698,51.413492063492065,52.83269841269841,704806.9047619047,-2.88,-0.17,-2.71,-1594.1176,USD,61053000,156173000,95120000,95120000,-402000,22233000,None,69455000,None,-31993000,404000,32397000,None,-8148000,None,46945000,-40947000,-6844000,None,-34103000,None,-16532000,30413000,-34084000,USD,9244558000,1770576000,930597000,930597000,59317000,None,7473982000,7049513000,None,85086000,85086000,None,None,7111337000,None,330206000,None,5504855000,535319000,None,None,None,128529000,4969536000,69607000,4401063000,None,None,4503952000,417967000,69607000,3554815000,-120530000,-205621000,561000,55530000,USD,-25462000,None,None,None,None,46945000,328000,-24491000,None,None,-114283000,89316000,None,None,None,None,None,None,None,None,None,None,-143000,None,-50429000,None,-34103000
50,2020Q3,56.06296875,57.0368,54.9923015625,56.0396875,367970.59375,-0.61,-1.42,0.81,57.0423,USD,61822000,154440000,92618000,92618000,-14009000,23441000,None,75939000,None,-31514000,235324000,31872000,None,254030000,None,52398000,208149000,44147000,None,164002000,None,253079000,305477000,139710000,USD,9041245000,1690344000,857390000,857390000,58598000,None,7350901000,6691513000,None,83566000,83566000,None,None,7024308000,None,306115000,None,5327583000,475878000,None,None,None,63924000,4851705000,69246000,4219334000,None,None,4318258000,361324000,69246000,3713287000,-120706000,-65910000,561000,55585000,USD,-71155000,None,None,None,None,52398000,232000,-2619000,None,None,-137033000,110405000,None,None,None,None,None,None,None,None,None,None,3000,None,-97783000,None,164002000
51,2020Q4,70.1959375,71.2936609375,69.2427453125,70.29328125,364353.96875,2.75,-0.52,3.27,628.8462,USD,99620000,213701000,114081000,114081000,32079000,24647000,None,81251000,None,-33080000,460000,33540000,None,1921000,None,56472000,460000,8450000,None,-7990000,None,20293000,76765000,-6646000,USD,9140332000,1906840000,1014686000,1014686000,56943000,None,7233492000,6741324000,None,82071000,82071000,None,None,7062214000,None,341390000,None,5425309000,852258000,None,None,None,421328000,4573051000,68929000,4287369000,None,None,4356298000,731212000,68929000,3714603000,-122091000,-72556000,562000,55383333,USD,96930000,None,None,None,None,56499000,781000,96161000,None,None,-24024000,79592000,None,None,None,None,None,None,None,None,None,None,3230000,None,152498000,None,-7990000
52,2021Q1,92.16524590163934,93.62890163934426,90.7545606557377,92.27819672131147,360670.7868852459,-0.12,-0.7,0.58,82.8571,USD,45728000,190580000,144852000,144852000,-35076000,21766000,None,80804000,None,-34169000,41000,34210000,None,-20078000,None,49327000,-89364000,-21205000,None,-68159000,None,-19239000,30088000,-66594000,USD,9154162000,1699138000,975784000,975784000,24656000,None,7455024000,6857080000,None,80346000,80346000,None,None,7191254000,None,233633000,None,5492895000,464945000,None,None,None,18274000,5027950000,68460000,4395187000,None,None,4507982000,343687000,68460000,3660842000,-122091000,-139150000,563000,55678000,USD,-84742000,None,None,None,None,49327000,400000,-3578000,None,None,-56985000,73058000,None,None,None,None,None,None,None,None,None,None,3479000,None,-68669000,None,-68159000
53,2021Q2,103.96904761904763,105.03351428571428,102.64848412698413,103.91190476190476,211570.07936507938,-1.2,-0.57,-0.63,-110.5263,USD,86659000,212457000,125798000,125798000,25659000,20334000,None,69265000,None,-31408000,23541000,31439000,None,7847000,None,49750000,2067000,-1550000,None,3617000,None,25330000,75080000,4841000,USD,9309069000,1833390000,1063261000,1063261000,12580000,None,7475679000,6966023000,None,78001000,78001000,None,None,2917000,None,259658000,None,5637166000,542501000,None,None,None,60453000,5094665000,68102000,4415105000,None,None,4562286000,403970000,-1000,3671571000,-122091000,-134309000,563000,55757000,USD,4807000,None,None,None,None,49750000,531000,-8485000,None,None,46108000,57501000,None,None,None,None,None,None,None,None,None,None,1719000,None,108416000,None,3617000
54,2021Q3,90.7884375,91.7687625,89.5346984375,90.6365625,219096.671875,0.09,-0.41,0.5,121.9512,USD,86787000,219188000,132401000,132401000,49135000,19033000,None,76793000,None,-31544000,12000,31556000,None,-9413000,None,56222000,8166000,6049000,None,2117000,None,2235000,58457000,4053000,USD,9514913000,2110809000,1010619000,1010619000,19508000,None,7404104000,6918950000,None,75971000,75971000,None,None,7147200000,None,511972000,None,5832329000,555775000,None,None,None,-132978000,5276554000,67564000,4423635000,None,None,4536277000,417641000,67564000,3682593000,-122253000,-130256000,563000,55756000,USD,39535000,None,None,None,None,56222000,292000,-5674000,None,None,187779000,-61489000,None,None,None,None,None,None,None,None,None,None,1558000,None,165825000,None,2117000
55,2021Q4,91.58859375,92.92275625,90.6130921875,91.78765625,184003.171875,0.07,-0.25,0.32,128,USD,280833000,805676000,524843000,524843000,202154000,20857000,None,71284000,None,-32808000,23000,32831000,None,-26115000,None,49705000,143208000,31859000,None,111349000,None,183905000,233610000,113800000,USD,9581694000,1998741000,843212000,843212000,58546000,None,7582953000,7090266000,None,73977000,73977000,None,None,2913000,None,300956000,None,5848524000,983167000,None,None,None,438497000,4865357000,69363000,4591157000,None,None,4660520000,807494000,368997000,3709995000,-220073000,-16456000,563000,54449761,USD,-243558000,None,None,None,None,49853000,591000,41475000,None,None,-75444000,87070000,None,None,None,None,None,None,None,None,None,None,-79549000,None,-231932000,None,111349000
56,2022Q1,96.62774193548387,98.15720645161291,95.43933548387096,96.70209677419355,264484.22580645164,2.09,1.63,0.46,28.2209,USD,90623000,210226000,119603000,119603000,12656000,25891000,None,77958000,None,-27414000,24000,27438000,None,17654000,None,48633000,2872000,701000,None,2171000,None,30601000,79234000,2122000,USD,9467687000,1761505000,688037000,688037000,46963000,None,7706182000,7251166000,None,71997000,71997000,None,None,7441353000,2901000,431688000,None,5914289000,553087000,None,None,None,-2522000,5361202000,69157000,4674950000,None,None,4791709000,406053000,69157000,3552884000,-391655000,-14334000,564000,52501000,USD,-100760000,None,None,None,None,48633000,281000,11996000,None,None,33859000,-96216000,None,None,None,None,None,None,None,None,None,None,-179293000,None,-163117000,None,2171000
57,2022Q2,86.53693548387096,87.75130322580645,84.86359516129033,86.08629032258065,352916.6129032258,0.04,-0.58,0.62,106.8966,USD,126766000,276708000,149942000,149942000,63048000,15512000,None,67736000,None,-27898000,254000,28152000,None,-6201000,None,49066000,28695000,7263000,None,21432000,None,53192000,102258000,21564000,USD,9508080000,1647438000,572774000,572774000,32300000,None,7860642000,7396431000,None,70027000,70027000,None,None,7590217000,2840000,414004000,None,6064279000,562051000,None,None,None,-37061000,5502228000,50199000,4800692000,None,None,4897517000,444314000,50199000,3393398000,None,7230000,564000,50822000,USD,5533000,None,None,None,None,49066000,353000,-369000,None,None,-74314000,-62115000,None,None,None,None,None,None,None,None,None,None,-185352000,None,-130896000,None,21432000
58,2022Q3,67.22421875,68.068040625,66.1713453125,67.10546875,254112.546875,0.42,-0.39,0.81,207.6923,USD,227687000,639549000,411862000,411862000,157197000,19471000,None,70490000,None,-23378000,15670000,24373000,None,8703000,None,49929000,141527000,33858000,None,107669000,None,165986000,215915000,108096000,USD,9508681000,1842293000,354605000,354605000,154679000,None,7666388000,7420693000,None,68068000,68068000,None,None,7386843000,2897000,643519000,None,5957790000,539785000,None,None,None,4679127000,5418005000,51716000,4627411000,None,None,4727043000,406184000,51716000,3485890000,None,115326000,564000,49471000,USD,310731000,None,None,None,None,49929000,636000,-4070000,None,None,-115370000,-191677000,None,None,None,None,None,None,None,None,None,None,-39218000,None,3684000,None,107669000
59,2022Q4,66.54571428571428,67.56465873015874,65.71000793650794,66.79539682539682,315392.1904761905,2.19,2.37,-0.18,-7.5949,USD,188541000,482005000,293464000,293464000,136234000,20898000,None,77976000,None,-28383000,62460000,30928000,None,None,None,52777000,72042000,18678000,None,53364000,None,79033000,131810000,52751000,USD,9603463000,1951134000,626653000,626653000,23324000,None,7652329000,7506790000,None,64866000,64866000,None,None,2895000,246171000,272353000,None,5997351000,944511000,None,None,None,4747183000,5052840000,51321000,4581121000,None,None,4798504000,797231000,390253000,3540499000,None,168077000,564000,49300000,USD,109750000,None,None,None,None,52682000,734000,None,None,None,-220695000,127749000,None,None,None,None,None,None,None,None,None,None,-403518000,None,None,None,53364000
60,2023Q1,81.47564516129032,82.65901774193547,80.37544032258064,81.62145161290321,211814.0,1.07,0.97,0.1,10.3093,USD,81944000,196289000,114345000,114345000,14942000,23553000,None,71732000,None,-34045000,38847000,38137000,None,-710000,None,51908000,-23905000,-1278000,None,-22627000,None,9603000,61511000,-22745000,USD,9580132000,1662397000,417746000,417746000,19053000,None,7917735000,7391100000,None,62987000,62987000,None,None,250639000,None,532938000,None,5997609000,462165000,None,None,None,4829456000,5535444000,51350000,4778106000,None,None,4882394000,322357000,51350000,3516758000,None,145332000,566000,49455000,USD,-144270000,None,None,None,None,51908000,1272000,-1836000,None,None,-94096000,28601000,None,None,None,None,None,None,None,None,None,None,56000,None,-209765000,None,-22627000
61,2023Q2,75.99306451612902,76.74465000000001,75.1529629032258,75.98693548387097,197627.25806451612,-0.46,-0.47,0.01,2.1277,USD,78754000,223316000,144562000,144562000,630000,20217000,None,78108000,None,-28955000,4992000,33947000,None,-1194000,None,53122000,-34511000,-15370000,None,-19141000,None,-449000,52673000,-19143000,USD,9769415000,1667418000,389405000,389405000,11878000,None,8101997000,7566821000,None,61108000,61108000,None,None,248904000,None,531800000,None,6200962000,496571000,None,None,None,4997612000,5704391000,51866000,4945746000,None,None,5048064000,362277000,51866000,3502625000,None,126189000,566000,49581000,USD,-106088000,None,None,None,None,53122000,2370000,-2911000,None,None,-106104000,166172000,None,None,None,None,None,None,None,None,None,None,0,None,-46020000,None,-19141000
62,2023Q3,79.2215873015873,80.06981428571429,78.367,79.14444444444445,155482.2380952381,-0.39,-0.25,-0.14,-56,USD,110157000,268659000,158502000,158502000,-627122000,21601000,None,81073000,None,-30823000,61709000,38552000,None,None,None,55873000,-688879000,-144744000,None,-544135000,None,6028000,61901000,-544181000,USD,9371118000,1823081000,491679000,491679000,670000,None,7548037000,7298337000,None,59247000,59247000,None,None,None,None,553107000,None,6341289000,534114000,None,None,None,0,5807175000,51761000,5155164000,None,None,5247761000,384935000,472169000,2963895000,None,-417992000,566000,49616000,USD,-109382000,None,None,None,None,55873000,1967000,None,None,None,-253741000,255569000,None,None,None,None,None,None,None,None,None,None,0,None,None,None,-544135000
