,Quarter,1. open,2. high,3. low,4. close,5. volume,reportedEPS,estimatedEPS,surprise,surprisePercentage,reportedCurrency_x,grossProfit,totalRevenue,costOfRevenue,costofGoodsAndServicesSold,operatingIncome,sellingGeneralAndAdministrative,researchAndDevelopment,operatingExpenses,investmentIncomeNet,netInterestIncome,interestIncome,interestExpense,nonInterestIncome,otherNonOperatingIncome,depreciation,depreciationAndAmortization,incomeBeforeTax,incomeTaxExpense,interestAndDebtExpense,netIncomeFromContinuingOperations,comprehensiveIncomeNetOfTax,ebit,ebitda,netIncome_x,reportedCurrency_y,totalAssets,totalCurrentAssets,cashAndCashEquivalentsAtCarryingValue,cashAndShortTermInvestments,inventory,currentNetReceivables,totalNonCurrentAssets,propertyPlantEquipment,accumulatedDepreciationAmortizationPPE,intangibleAssets,intangibleAssetsExcludingGoodwill,goodwill,investments,longTermInvestments,shortTermInvestments,otherCurrentAssets,otherNonCurrentAssets,totalLiabilities,totalCurrentLiabilities,currentAccountsPayable,deferredRevenue,currentDebt,shortTermDebt,totalNonCurrentLiabilities,capitalLeaseObligations,longTermDebt,currentLongTermDebt,longTermDebtNoncurrent,shortLongTermDebtTotal,otherCurrentLiabilities,otherNonCurrentLiabilities,totalShareholderEquity,treasuryStock,retainedEarnings,commonStock,commonStockSharesOutstanding,reportedCurrency,operatingCashflow,paymentsForOperatingActivities,proceedsFromOperatingActivities,changeInOperatingLiabilities,changeInOperatingAssets,depreciationDepletionAndAmortization,capitalExpenditures,changeInReceivables,changeInInventory,profitLoss,cashflowFromInvestment,cashflowFromFinancing,proceedsFromRepaymentsOfShortTermDebt,paymentsForRepurchaseOfCommonStock,paymentsForRepurchaseOfEquity,paymentsForRepurchaseOfPreferredStock,dividendPayout,dividendPayoutCommonStock,dividendPayoutPreferredStock,proceedsFromIssuanceOfCommonStock,proceedsFromIssuanceOfLongTermDebtAndCapitalSecuritiesNet,proceedsFromIssuanceOfPreferredStock,proceedsFromRepurchaseOfEquity,proceedsFromSaleOfTreasuryStock,changeInCashAndCashEquivalents,changeInExchangeRate,netIncome_y
52,2009Q2,45.93174603174603,46.40928571428571,45.49386190476191,45.967619047619046,12022279.365079366,0.33,0.32,0.01,3.125,USD,5354000000,8170000000,5812000000,2913000000,2438000000,2844000000,None,2996000000,57000000,-97000000,None,97000000,None,387000000,None,302000000,2716000000,679000000,97000000,2146000000,5276000000,2813000000,3107000000,2037000000,USD,46054000000,16372000000,7647000000,7647000000,2483000000,None,29682000000,8904000000,6570000000,8535000000,8535000000,4092000000,None,6292000000,298000000,2198000000,1859000000,22978000000,13567000000,None,None,None,6431000000,8970000000,None,5017000000,49000000,5017000000,11448000000,780000000,3051000000,23076000000,24174000000,39999000000,880000000,2313000000,USD,2789000000,None,None,None,None,302000000,513000000,None,None,2049000000,-565000000,-1675000000,None,4000000,None,None,949000000,949000000,None,64000000,None,None,-4000000,None,831000000,282000000,2037000000
53,2009Q3,50.0228125,50.48515625,49.65328125,50.12,10961510.9375,0.46,0.45,0.01,2.2222,USD,5110000000,7955000000,5894000000,2934000000,2150000000,2912000000,None,3049000000,67000000,-89000000,None,89000000,None,382000000,None,320000000,2419000000,523000000,89000000,2009000000,3808000000,2508000000,2819000000,1896000000,USD,47107000000,16992000000,8846000000,8846000000,2341000000,None,30115000000,9099000000,6674000000,8525000000,8525000000,4100000000,None,6481000000,279000000,2061000000,1910000000,23152000000,13410000000,None,None,None,6186000000,9275000000,None,5028000000,50000000,5028000000,11214000000,469000000,3124000000,23955000000,24343000000,40944000000,880000000,2316000000,USD,2608000000,None,None,None,None,320000000,419000000,None,None,1920000000,-396000000,-1026000000,None,2000000,2000000,None,951000000,951000000,None,158000000,None,None,156000000,None,1199000000,13000000,1896000000
54,2009Q4,55.9303125,56.36378125,55.5716671875,56.02,8857020.3125,0.41,0.41,0,0,USD,4859000000,7426000000,5457000000,2651000000,1780000000,2978000000,None,3203000000,65000000,-84000000,None,84000000,None,27000000,None,331000000,1925000000,382000000,84000000,1662000000,-4744000000,2009000000,2348000000,1543000000,USD,48671000000,17551000000,7021000000,9151000000,2354000000,None,31120000000,9561000000,6906000000,8604000000,8604000000,4224000000,None,6755000000,2130000000,2226000000,1976000000,23872000000,13721000000,None,None,None,6800000000,9604000000,None,5110000000,51000000,5059000000,11859000000,5511000000,2965000000,24799000000,25398000000,41537000000,880000000,2314000000,USD,1916000000,None,None,None,None,331000000,594000000,None,None,1578000000,-2589000000,-1409000000,None,1512000000,1512000000,None,950000000,950000000,None,432000000,None,None,-1082000000,None,-1825000000,257000000,1543000000
55,2010Q1,54.751639344262294,55.06889180327869,54.30422459016393,54.70459016393443,11303904.918032788,0.33,0.33,0,0,USD,4984000000,7440000000,5336000000,2541000000,2183000000,2705000000,None,2880000000,60000000,-85000000,None,85000000,None,81000000,None,295000000,2167000000,553000000,85000000,1711000000,2543000000,2252000000,2674000000,1614000000,USD,47403000000,17208000000,5684000000,8722000000,2327000000,None,30195000000,9036000000,6752000000,8410000000,8410000000,3905000000,None,6749000000,3038000000,2382000000,2095000000,22531000000,13583000000,None,None,None,7216000000,8663000000,None,4419000000,546000000,4419000000,11635000000,-1077000000,2763000000,24872000000,25345000000,42136000000,880000000,2304000000,USD,1326000000,None,None,None,None,295000000,393000000,None,None,1626000000,-1368000000,-1043000000,None,2000000,2000000,None,1015000000,1015000000,None,121000000,None,None,119000000,None,-1337000000,-252000000,1614000000
56,2010Q2,52.91444444444445,53.25027619047619,52.45095238095238,52.834603174603174,11567814.285714285,0.4,0.37,0.03,8.1081,USD,5719000000,8593000000,5906000000,2955000000,2763000000,2878000000,None,3032000000,67000000,-81000000,None,81000000,None,441000000,None,316000000,3110000000,741000000,81000000,2463000000,3892000000,3191000000,3502000000,2369000000,USD,48444000000,18574000000,7735000000,10099000000,2363000000,None,29870000000,8931000000,6710000000,8299000000,8299000000,3810000000,None,6199000000,2364000000,2044000000,2092000000,22926000000,13934000000,None,None,None,7282000000,8702000000,None,4971000000,544000000,4427000000,11709000000,-1106000000,2719000000,25518000000,25305000000,43490000000,880000000,2306000000,USD,2984000000,None,None,None,None,316000000,500000000,None,None,2382000000,30000000,-832000000,None,0,0,None,1015000000,1015000000,None,83000000,None,None,83000000,None,2051000000,-131000000,2369000000
57,2010Q3,55.53765625,55.9296671875,55.2448578125,55.684726562499996,8687707.8125,0.53,0.51,0.02,3.9216,USD,5508000000,8346000000,6082000000,2918000000,2344000000,3064000000,None,3244000000,93000000,-80000000,None,80000000,None,436000000,None,323000000,2688000000,633000000,80000000,2067000000,2913000000,2768000000,3115000000,2055000000,USD,54089000000,23105000000,10509000000,13153000000,2259000000,None,30984000000,9145000000,6766000000,8377000000,8377000000,3882000000,None,6870000000,2644000000,613000000,2100000000,26183000000,17271000000,None,None,None,8937000000,8617000000,None,5003000000,547000000,4456000000,13393000000,-741000000,2777000000,27906000000,25147000000,44541000000,880000000,2310000000,USD,2914000000,None,None,None,None,323000000,442000000,None,None,2067000000,-1375000000,990000000,None,1000000,1000000,None,1004000000,1004000000,None,331000000,None,None,330000000,None,2774000000,245000000,2055000000
58,2010Q4,62.6384375,62.985384375,62.39828125,62.786875,9645164.0625,0.46,0.45,0.01,2.2222,USD,6215000000,9959000000,9070000000,4279000000,1123000000,4547000000,None,5706000000,97000000,-487000000,None,487000000,597000000,5294000000,None,509000000,6192000000,443000000,487000000,6517000000,5905000000,6679000000,1943000000,5749000000,USD,72921000000,21579000000,8517000000,11199000000,2650000000,None,51342000000,14727000000,6979000000,15244000000,15244000000,11665000000,None,6954000000,2682000000,3162000000,2121000000,41918000000,18508000000,1887000000,None,None,9376000000,23096000000,None,15317000000,1276000000,14041000000,23417000000,273000000,4794000000,31003000000,27762000000,49278000000,880000000,2311000000,USD,2308000000,None,None,None,None,509000000,880000000,None,182000000,5762000000,-1692000000,-2580000000,None,2958000000,2958000000,None,1034000000,1034000000,None,1131000000,None,None,-1827000000,None,-1992000000,-28000000,5749000000
59,2011Q1,63.784514516129036,64.1633870967742,63.3825,63.763225806451615,8975290.322580645,0.36,0.36,0,0,USD,6569000000,10514000000,8186000000,3948000000,2284000000,4076000000,None,4241000000,94000000,-113000000,None,113000000,110000000,345000000,None,486000000,2503000000,600000000,113000000,1916000000,2816000000,2616000000,2993000000,1903000000,USD,76058000000,23542000000,9075000000,12124000000,3033000000,None,52516000000,14834000000,7500000000,15405000000,15405000000,11949000000,None,6940000000,3049000000,650000000,2740000000,43779000000,21923000000,None,None,None,13399000000,21539000000,None,14095000000,1414000000,12681000000,26080000000,-4188000000,4437000000,32279000000,28550000000,50097000000,880000000,2292000000,USD,458000000,None,None,None,None,486000000,589000000,None,None,1916000000,-1047000000,986000000,None,1129000000,1129000000,None,1065000000,1065000000,None,440000000,None,None,-689000000,None,558000000,161000000,1903000000
60,2011Q2,66.85733174603175,67.19978412698413,66.48552063492063,66.87095079365079,7393719.047619048,0.43,0.43,0,0,USD,7748000000,12653000000,9525000000,4989000000,3179000000,4417000000,None,4620000000,121000000,-84000000,None,84000000,-1000000,704000000,None,471000000,3792000000,992000000,84000000,2807000000,3621000000,3876000000,3987000000,2800000000,USD,80090000000,26539000000,10166000000,13871000000,3237000000,None,53551000000,14933000000,7995000000,15457000000,15457000000,12004000000,None,7069000000,3705000000,-50000000,2701000000,44948000000,24194000000,None,None,None,2486000000,20472000000,None,13859000000,2486000000,11373000000,13859000000,-4310000000,4393000000,35142000000,28504000000,51816000000,880000000,2290000000,USD,3184000000,None,None,None,None,471000000,601000000,None,None,2807000000,-1281000000,-956000000,None,242000000,242000000,None,1078000000,1078000000,None,362000000,None,None,120000000,None,1091000000,144000000,2800000000
61,2011Q3,68.4623453125,69.1482734375,67.887475,68.56578125,11645675.0,0.59,0.58,0.01,1.7241,USD,7373000000,12132000000,9491000000,4875000000,2754000000,4523000000,None,4732000000,141000000,-116000000,None,116000000,-5000000,-32000000,None,466000000,2905000000,681000000,116000000,2243000000,763000000,3021000000,3537000000,2224000000,USD,81753000000,28191000000,12682000000,16366000000,3172000000,None,53562000000,14522000000,8118000000,15411000000,15411000000,12073000000,None,7073000000,3684000000,3391000000,3219000000,48544000000,25581000000,None,None,None,2082000000,22673000000,None,15790000000,2082000000,13708000000,15790000000,264000000,4404000000,33209000000,30518000000,52965000000,880000000,2286000000,USD,3158000000,None,None,None,None,466000000,725000000,None,None,2246000000,-1086000000,1146000000,None,2237000000,2237000000,None,16000000,16000000,None,580000000,None,None,-1657000000,None,2516000000,-702000000,2224000000
62,2011Q4,67.38984126984127,67.7926984126984,66.85120634920635,67.3157142857143,8369847.619047619,0.52,0.51,0.01,1.9608,USD,6637000000,11057000000,11686000000,6803000000,1956000000,4406000000,None,5225000000,127000000,-104000000,None,104000000,116000000,82000000,None,531000000,2196000000,539000000,104000000,1674000000,119000000,2300000000,2764000000,1657000000,USD,79974000000,25497000000,12803000000,13891000000,3092000000,None,54477000000,14939000000,8212000000,15450000000,15450000000,12219000000,None,7233000000,1088000000,3450000000,3495000000,48339000000,24283000000,2172000000,None,None,14912000000,23770000000,None,15697000000,2041000000,13656000000,28568000000,7199000000,5420000000,31635000000,31304000000,53621000000,1760000000,2269000000,USD,2674000000,None,None,None,None,531000000,1005000000,None,447000000,1677000000,890000000,-3410000000,None,905000000,905000000,None,2141000000,2141000000,None,187000000,None,None,-718000000,None,121000000,-33000000,1657000000
63,2012Q1,69.1658064516129,69.52615483870969,68.83589516129032,69.21854838709677,8049574.193548387,0.4,0.39,0.01,2.5641,USD,6789000000,11064000000,8529000000,4348000000,2509000000,4181000000,None,4255000000,115000000,-88000000,None,88000000,14000000,304000000,None,447000000,2712000000,658000000,88000000,2067000000,3053000000,2800000000,3211000000,2054000000,USD,83897000000,28023000000,10664000000,13140000000,3442000000,None,55874000000,15300000000,8655000000,15549000000,15549000000,12344000000,None,7594000000,2476000000,1512000000,3770000000,51079000000,24846000000,None,None,None,14764000000,25833000000,None,17740000000,1389000000,16351000000,31115000000,-4454000000,4663000000,32818000000,32364000000,54520000000,880000000,2263000000,USD,493000000,None,None,None,None,447000000,592000000,None,None,2067000000,-4883000000,1922000000,None,1079000000,1079000000,None,0,11358000000,None,436000000,None,None,-643000000,None,-2139000000,329000000,2054000000
64,2012Q2,74.96777777777778,75.40587301587301,74.58026507936508,75.03285714285714,7201063.492063492,0.45,0.44,0.01,2.2727,USD,7861000000,12984000000,9721000000,5224000000,3294000000,4497000000,None,4609000000,112000000,-112000000,None,112000000,92000000,441000000,None,508000000,3611000000,823000000,112000000,2800000000,1194000000,3723000000,4159000000,2788000000,USD,85149000000,29325000000,9337000000,14144000000,3587000000,None,55824000000,15174000000,8743000000,15394000000,15394000000,12357000000,None,7838000000,4807000000,3375000000,3663000000,52880000000,26482000000,None,None,None,16092000000,26038000000,None,16518000000,128000000,16390000000,32482000000,-4375000000,4658000000,32269000000,33308000000,56159000000,880000000,2255000000,USD,3685000000,None,None,None,None,508000000,713000000,None,None,2800000000,-3677000000,-774000000,None,1531000000,1531000000,None,1155000000,1155000000,None,559000000,None,None,-972000000,None,-1327000000,-561000000,2788000000
65,2012Q3,56.89515873015873,57.1920492063492,56.498403174603176,56.83730158730159,13622292.063492063,0.61,0.59,0.02,3.3898,USD,7487000000,12260000000,9483000000,4853000000,2793000000,4630000000,None,4732000000,118000000,-102000000,None,102000000,2000000,393000000,None,514000000,3066000000,755000000,102000000,2329000000,2739000000,3168000000,3677000000,2311000000,USD,86654000000,29712000000,9615000000,14935000000,3447000000,None,56942000000,15388000000,9128000000,15394000000,15394000000,12381000000,None,8538000000,5320000000,3099000000,3629000000,53444000000,27008000000,None,None,None,16549000000,26056000000,None,16522000000,341000000,16181000000,32730000000,-4541000000,4678000000,33210000000,34209000000,57320000000,1760000000,4502000000,USD,3662000000,None,None,None,None,514000000,666000000,None,None,2329000000,-1839000000,-1547000000,None,1009000000,1009000000,None,1149000000,1149000000,None,324000000,None,None,-685000000,None,278000000,2000000,2311000000
66,2012Q4,37.3591935483871,37.56901451612903,37.108870967741936,37.32822580645161,13304906.451612903,0.51,0.51,0,0,USD,6827000000,11265000000,12047000000,7428000000,2183000000,4430000000,None,4983000000,126000000,-95000000,None,95000000,-102000000,-19000000,None,513000000,2353000000,487000000,95000000,1890000000,1422000000,2448000000,2985000000,1866000000,USD,86174000000,30328000000,8442000000,13459000000,3264000000,None,55846000000,14476000000,9010000000,15082000000,15082000000,12255000000,None,9216000000,5017000000,2781000000,3585000000,53384000000,27821000000,1969000000,None,None,17874000000,25185000000,None,16313000000,1577000000,14736000000,32610000000,796000000,5468000000,32790000000,35009000000,58045000000,1760000000,4477000000,USD,2805000000,None,None,None,None,513000000,809000000,None,286000000,1890000000,-1005000000,-2948000000,None,940000000,940000000,None,2291000000,2291000000,None,170000000,None,None,-770000000,None,-1173000000,-25000000,1866000000
67,2013Q1,38.136833333333335,38.38133166666667,37.90618833333333,38.19383333333334,15268756.666666666,0.45,0.44,0.01,2.2727,USD,6711000000,10939000000,8506000000,4324000000,2408000000,4182000000,None,4283000000,116000000,-102000000,None,102000000,1000000,38000000,None,473000000,2326000000,575000000,102000000,1769000000,1925000000,2428000000,2919000000,1751000000,USD,88450000000,31519000000,9162000000,15338000000,3607000000,None,56931000000,14543000000,9395000000,15098000000,15098000000,12291000000,None,9850000000,6176000000,3294000000,3922000000,55970000000,31102000000,None,None,None,20827000000,24454000000,None,18796000000,4505000000,14291000000,35118000000,-4386000000,4949000000,32480000000,36282000000,58549000000,1760000000,4455000000,USD,478000000,None,None,None,None,473000000,498000000,None,None,1769000000,-1218000000,1435000000,None,1523000000,1523000000,None,0,12585000000,None,417000000,None,None,-1106000000,None,720000000,25000000,1751000000
68,2013Q2,41.426875,41.7256390625,41.0935125,41.40203125,14246925.0,0.46,0.45,0.01,2.2222,USD,7760000000,12746000000,9374000000,4989000000,3243000000,4385000000,None,4530000000,129000000,-122000000,None,122000000,116000000,404000000,None,474000000,3507000000,831000000,145000000,2694000000,1804000000,3629000000,4121000000,2676000000,USD,89511000000,32572000000,9406000000,16040000000,3643000000,None,56939000000,14549000000,9602000000,15049000000,15049000000,12657000000,None,9511000000,6634000000,3055000000,3855000000,57288000000,32469000000,None,None,None,21507000000,24411000000,None,17372000000,3193000000,14179000000,35686000000,-4383000000,4934000000,32223000000,37422000000,59978000000,1760000000,4446000000,USD,3478000000,None,None,None,None,474000000,571000000,None,None,2694000000,-1490000000,-1299000000,None,1455000000,1455000000,None,1249000000,1249000000,None,534000000,None,None,-921000000,None,244000000,-445000000,2676000000
69,2013Q3,39.585465625,39.7613109375,39.31171875,39.52890625,13133076.671875,0.63,0.63,0,0,USD,7237000000,11940000000,9407000000,4793000000,2472000000,4424000000,None,4704000000,136000000,-90000000,None,90000000,30000000,998000000,None,497000000,3372000000,925000000,90000000,2455000000,1831000000,3462000000,3967000000,2447000000,USD,89432000000,31576000000,11118000000,17257000000,3321000000,None,57856000000,14548000000,9853000000,15091000000,15091000000,12412000000,None,10385000000,6139000000,2680000000,4270000000,57300000000,33042000000,None,None,None,22034000000,23925000000,None,17367000000,3194000000,14173000000,36207000000,-4889000000,4445000000,32132000000,38238000000,61187000000,1760000000,4426000000,USD,3756000000,None,None,None,None,497000000,556000000,None,None,2455000000,-275000000,-1519000000,None,914000000,914000000,None,1245000000,1245000000,None,128000000,None,None,-786000000,None,1712000000,-250000000,2447000000
70,2013Q4,39.4210953125,39.644875,39.177153125,39.44078125,14813651.5625,0.53,0.53,0,0,USD,6725000000,10886000000,11504000000,7015000000,2105000000,4319000000,None,4615000000,153000000,-149000000,None,149000000,-5000000,54000000,None,533000000,2230000000,520000000,126000000,1708000000,2977000000,2379000000,2910000000,1710000000,USD,90055000000,31304000000,10414000000,17121000000,3277000000,None,58751000000,14967000000,10065000000,15299000000,15299000000,12312000000,None,10393000000,6707000000,2886000000,4661000000,56882000000,27811000000,1933000000,None,None,17925000000,28804000000,None,20178000000,1024000000,19154000000,37079000000,7953000000,3498000000,33173000000,39091000000,61660000000,1760000000,4410000000,USD,2830000000,None,None,None,None,533000000,925000000,None,105000000,1708000000,-1231000000,-2362000000,None,940000000,940000000,None,2475000000,2475000000,None,249000000,None,None,-691000000,None,-704000000,59000000,1710000000
71,2014Q1,38.7047524590164,38.887973770491804,38.441377049180325,38.63262295081967,16782073.770491805,0.46,0.46,0,0,USD,6493000000,10172000000,8072000000,4083000000,2376000000,3989000000,None,4113000000,123000000,-124000000,None,124000000,-280000000,-47000000,None,473000000,2198000000,579000000,124000000,1626000000,1457000000,2322000000,2802000000,1619000000,USD,91289000000,31052000000,9131000000,16049000000,3357000000,None,60237000000,14860000000,10395000000,15252000000,15252000000,12343000000,None,10283000000,6918000000,3029000000,4655000000,58635000000,30056000000,None,None,None,19801000000,28311000000,None,20191000000,1551000000,18640000000,38441000000,-5961000000,3414000000,32654000000,39781000000,61937000000,1760000000,4401000000,USD,1066000000,None,None,None,None,473000000,449000000,None,None,1626000000,-2213000000,205000000,None,875000000,875000000,None,0,10926000000,None,191000000,None,None,-684000000,None,-1283000000,-341000000,1619000000
72,2014Q2,40.47698412698413,40.72936349206349,40.32880634920635,40.57634920634921,13941528.57142857,0.44,0.44,0,0,USD,7755000000,12467000000,9203000000,4819000000,3170000000,4384000000,None,4491000000,144000000,-107000000,None,107000000,-120000000,321000000,None,494000000,3374000000,779000000,107000000,2605000000,3203000000,3481000000,3985000000,2595000000,USD,95489000000,33871000000,11618000000,18142000000,3536000000,None,61618000000,14918000000,10610000000,15141000000,15141000000,12296000000,None,10857000000,6524000000,2856000000,4805000000,61418000000,32629000000,None,None,None,21600000000,28559000000,None,20162000000,1519000000,18643000000,40243000000,-6015000000,3447000000,34071000000,40572000000,63194000000,1760000000,4391000000,USD,3404000000,None,None,None,None,494000000,581000000,None,None,2605000000,-915000000,-143000000,None,1078000000,1078000000,None,1342000000,1342000000,None,459000000,None,None,-619000000,None,2487000000,141000000,2595000000
73,2014Q3,41.27890625,41.52578125,41.108571875,41.34234375,12757729.890625,0.64,0.63,0.01,1.5873,USD,7346000000,11863000000,9137000000,4630000000,2711000000,4507000000,None,4541000000,169000000,-113000000,None,113000000,0,62000000,None,510000000,2652000000,538000000,113000000,2122000000,1257000000,2765000000,3283000000,2114000000,USD,96314000000,35452000000,11084000000,20269000000,3277000000,None,60862000000,14738000000,10800000000,14767000000,14767000000,12188000000,None,10582000000,9185000000,3277000000,4850000000,62885000000,32760000000,None,None,None,21699000000,29885000000,None,22635000000,2524000000,20111000000,41810000000,-5847000000,3383000000,33429000000,41361000000,63972000000,1760000000,4383000000,USD,3509000000,None,None,None,None,510000000,588000000,None,None,2122000000,-3430000000,-258000000,None,1010000000,1010000000,None,1338000000,1338000000,None,408000000,None,None,-602000000,None,-534000000,-355000000,2114000000
74,2014Q4,42.617484375,43.013465625,42.3920453125,42.70625,17356929.390625,0.53,0.53,0,0,USD,6515000000,10202000000,12057000000,7057000000,1451000000,4338000000,None,5657000000,158000000,-139000000,None,139000000,-531000000,-633000000,None,499000000,1075000000,305000000,139000000,771000000,-1164000000,1214000000,1714000000,770000000,USD,92023000000,32986000000,8958000000,18010000000,3100000000,None,59037000000,14633000000,10625000000,14272000000,14272000000,12100000000,None,9947000000,9052000000,3066000000,4407000000,61703000000,32374000000,2089000000,None,None,22682000000,29088000000,None,22615000000,3552000000,19063000000,41745000000,58000000,4389000000,30320000000,42225000000,63408000000,1760000000,4372000000,USD,2636000000,None,None,None,None,499000000,788000000,None,35000000,771000000,-948000000,-3435000000,None,1199000000,1199000000,None,2670000000,2670000000,None,474000000,None,None,-725000000,None,-2126000000,-379000000,770000000
75,2015Q1,41.868852459016395,42.11680327868852,41.54256393442623,41.823606557377055,15662121.704918033,0.44,0.42,0.02,4.7619,USD,6608000000,10064000000,8234000000,4103000000,2296000000,4079000000,None,4164000000,155000000,-447000000,None,447000000,-200000000,132000000,None,473000000,1972000000,415000000,767000000,1566000000,265000000,2419000000,2901000000,1557000000,USD,91016000000,32119000000,8211000000,16577000000,3219000000,None,58897000000,14346000000,10638000000,14061000000,14061000000,11993000000,None,9851000000,8366000000,3605000000,4602000000,62179000000,26123000000,None,None,None,16423000000,35815000000,None,28127000000,2040000000,26087000000,42510000000,-4585000000,4296000000,28837000000,42739000000,63524000000,1760000000,4365000000,USD,1574000000,None,None,None,None,473000000,516000000,None,None,1566000000,-812000000,-1177000000,None,654000000,654000000,None,1441000000,1441000000,None,279000000,None,None,-375000000,None,-747000000,-332000000,1557000000
76,2015Q2,40.71619047619048,40.90865079365079,40.50849047619048,40.67190476190476,12740587.015873017,0.48,0.42,0.06,14.2857,USD,7408000000,12230000000,9332000000,4748000000,2535000000,4204000000,None,4584000000,149000000,-128000000,None,128000000,202000000,1954000000,None,488000000,4358000000,1250000000,128000000,3111000000,1441000000,4486000000,4977000000,3108000000,USD,93538000000,32803000000,8805000000,17514000000,3224000000,None,60735000000,14365000000,10921000000,14374000000,14374000000,11706000000,None,12771000000,8709000000,3159000000,4517000000,65120000000,28852000000,None,None,None,18337000000,36045000000,None,28008000000,2031000000,25977000000,44314000000,-5267000000,4283000000,28418000000,43288000000,65196000000,1760000000,4355000000,USD,3544000000,None,None,None,None,488000000,598000000,None,None,3111000000,-2944000000,47000000,None,644000000,644000000,None,1436000000,1436000000,None,131000000,None,None,-513000000,None,594000000,-53000000,3108000000
77,2015Q3,40.00125,40.2837984375,39.757953125,40.0503125,14965995.40625,0.63,0.6,0.03,5,USD,6850000000,11289000000,9624000000,4577000000,2379000000,4207000000,None,5047000000,155000000,-138000000,None,138000000,-73000000,-516000000,None,482000000,1721000000,272000000,138000000,1453000000,-628000000,1859000000,2345000000,1449000000,USD,93008000000,36594000000,9983000000,19160000000,2910000000,None,56414000000,12615000000,10020000000,13062000000,13062000000,11357000000,None,12504000000,9177000000,3029000000,4446000000,66959000000,31545000000,None,None,None,20237000000,35196000000,None,28641000000,2692000000,25949000000,46186000000,-3622000000,4194000000,26049000000,43822000000,65209000000,1760000000,4349000000,USD,3272000000,None,None,None,None,482000000,556000000,None,None,1453000000,-1657000000,-48000000,None,668000000,668000000,None,1436000000,1436000000,None,322000000,None,None,-346000000,None,1178000000,-389000000,1449000000
78,2015Q4,42.375,42.6987875,42.1475796875,42.4384375,14144478.828125,0.51,0.5,0.01,2,USD,5946000000,9947000000,10391000000,6554000000,1518000000,3937000000,None,4013000000,154000000,-143000000,None,143000000,90000000,-78000000,None,527000000,1539000000,302000000,143000000,1221000000,1876000000,1682000000,2208000000,1237000000,USD,89996000000,33395000000,7309000000,15631000000,2902000000,None,56601000000,12571000000,9783000000,12843000000,12843000000,11289000000,None,12318000000,8322000000,2752000000,4110000000,64442000000,26929000000,2795000000,None,None,15805000000,37303000000,None,30987000000,2676000000,28311000000,44116000000,1133000000,4301000000,25554000000,45066000000,65018000000,1760000000,4337000000,USD,2138000000,None,None,None,None,527000000,883000000,None,-250000000,1236000000,-773000000,-3935000000,None,1598000000,1598000000,None,1428000000,1428000000,None,513000000,None,None,-1085000000,None,-2674000000,-104000000,1237000000
79,2016Q1,43.41154098360656,43.746172131147546,43.181585245901644,43.520655737704914,15859450.950819673,0.38,0.37,0.01,2.7027,USD,6213000000,10048000000,8190000000,4069000000,2141000000,3761000000,None,4486000000,144000000,-141000000,None,141000000,-93000000,-106000000,None,458000000,1884000000,401000000,141000000,1493000000,868000000,2025000000,2493000000,1483000000,USD,91263000000,36510000000,8748000000,18751000000,3052000000,None,54753000000,12613000000,10370000000,12634000000,12634000000,11396000000,None,12610000000,10003000000,3314000000,4314000000,66349000000,30987000000,None,None,None,19844000000,35147000000,None,31946000000,4956000000,26990000000,46834000000,-2820000000,3820000000,24914000000,45549000000,64985000000,1760000000,4328000000,USD,604000000,None,None,None,None,458000000,536000000,None,None,1493000000,348000000,399000000,None,739000000,739000000,None,1505000000,1505000000,None,763000000,None,None,24000000,None,1439000000,88000000,1483000000
80,2016Q2,45.1609375,45.4229390625,44.89484375,45.1896875,12705167.875,0.45,0.44,0.01,2.2727,USD,7068000000,11377000000,8435000000,4471000000,2859000000,3912000000,None,4003000000,164000000,-162000000,None,162000000,-25000000,1602000000,None,445000000,4287000000,839000000,162000000,3460000000,4084000000,4449000000,4906000000,3448000000,USD,94094000000,35873000000,9647000000,21402000000,3005000000,None,58221000000,12663000000,10469000000,12485000000,12485000000,11204000000,None,16215000000,11755000000,3332000000,4370000000,67457000000,29544000000,None,None,None,18796000000,37712000000,None,34147000000,4895000000,29252000000,48048000000,-3984000000,3963000000,26637000000,46601000000,66921000000,1760000000,4323000000,USD,3216000000,None,None,None,None,445000000,549000000,None,None,3460000000,-1285000000,-1182000000,None,1417000000,1417000000,None,1512000000,1512000000,None,345000000,None,None,-1072000000,None,899000000,150000000,3448000000
81,2016Q3,43.870625,44.041157812499996,43.622253125,43.82203125,11284412.9375,0.6,0.58,0.02,3.4483,USD,6502000000,10451000000,9257000000,4131000000,2271000000,4009000000,None,5135000000,164000000,-182000000,None,182000000,-75000000,-1106000000,None,420000000,1424000000,378000000,182000000,1050000000,990000000,1606000000,2030000000,1046000000,USD,93927000000,37956000000,11147000000,22412000000,2751000000,4082000000,54244000000,11172000000,10122000000,21486000000,10621000000,10865000000,35309000000,17060000000,11265000000,3091000000,4526000000,67851000000,27792000000,None,None,3473000000,15561000000,39890000000,None,35136000000,3473000000,31663000000,35136000000,682000000,3984000000,26076000000,46814000000,66457000000,1760000000,4315000000,USD,2903000000,None,None,None,None,420000000,476000000,None,None,1050000000,-396000000,-1000000000,None,353000000,353000000,None,11000000,11000000,None,187000000,None,None,-166000000,None,1500000000,-7000000,1046000000
82,2016Q4,41.633095238095244,41.84706507936508,41.40015873015873,41.616349206349206,13734121.492063493,0.49,0.48,0.01,2.0833,USD,5615000000,10087000000,8303000000,3794000000,1386000000,3688000000,None,3308000000,170000000,-248000000,None,248000000,-285000000,-950000000,None,464000000,518000000,-32000000,568000000,524000000,-446000000,766000000,1227000000,550000000,USD,87270000000,34010000000,8555000000,18150000000,2675000000,3856000000,52283000000,10635000000,10621000000,21000000000,10371000000,10629000000,33109000000,16400000000,9595000000,2481000000,4248000000,64208000000,26532000000,2682000000,None,15857000000,16025000000,37518000000,None,33211000000,3527000000,29684000000,45541000000,710000000,4081000000,23062000000,47988000000,65502000000,1760000000,4302000000,USD,2069000000,None,None,None,None,464000000,701000000,None,-142000000,547000000,329000000,-4762000000,None,1172000000,1172000000,None,3015000000,3015000000,None,139000000,None,None,-1033000000,None,-2592000000,-236000000,550000000
83,2017Q1,41.671290322580646,41.87249193548387,41.51653387096774,41.71,14733746.758064516,0.37,0.37,0,0,USD,5605000000,8854000000,7356000000,3513000000,1963000000,3352000000,None,4346000000,155000000,-192000000,None,192000000,-72000000,-535000000,None,328000000,1505000000,323000000,192000000,1182000000,2181000000,1697000000,2027000000,1182000000,USD,91201000000,40251000000,12120000000,21911000000,2885000000,3702000000,49350000000,9746000000,10298000000,18255000000,8247000000,10008000000,33850000000,16895000000,9791000000,2670000000,4454000000,68325000000,28656000000,None,None,2185000000,15911000000,39478000000,None,33723000000,2185000000,31538000000,33723000000,2226000000,4041000000,22876000000,48974000000,65099000000,1760000000,4287000000,USD,788000000,None,None,None,None,328000000,442000000,None,None,1184000000,1039000000,1535000000,None,1304000000,1304000000,None,0,1505000000,None,394000000,None,None,-910000000,None,3565000000,202000000,1182000000
84,2017Q2,44.12269841269841,44.33746031746032,43.98269523809524,44.184285714285714,11343313.603174603,0.43,0.44,-0.01,-2.2727,USD,6043000000,9903000000,7512000000,3659000000,2037000000,3180000000,None,3872000000,165000000,-231000000,None,231000000,432000000,244000000,None,301000000,2623000000,1252000000,269000000,1371000000,1088000000,2854000000,3156000000,1371000000,USD,91146000000,38961000000,12528000000,22734000000,2790000000,4024000000,50727000000,8672000000,10441000000,16748000000,7299000000,9449000000,40462000000,20989000000,10206000000,2866000000,4318000000,69145000000,28830000000,None,None,3478000000,17833000000,40227000000,None,35283000000,3478000000,31805000000,35283000000,283000000,4092000000,22001000000,49633000000,64890000000,1760000000,4273000000,USD,2603000000,None,None,None,None,301000000,390000000,None,None,1372000000,-2263000000,-738000000,None,893000000,893000000,None,1584000000,1584000000,None,523000000,None,None,-370000000,None,-402000000,-3000000,1371000000
85,2017Q3,45.481904761904765,45.67225873015873,45.30849365079365,45.4879365079365,9373925.365079366,0.59,0.57,0.02,3.5088,USD,5684000000,9078000000,3394000000,3394000000,2245000000,3245000000,None,3271000000,175000000,-208000000,None,208000000,-289000000,-238000000,None,297000000,1677000000,230000000,208000000,1447000000,2093000000,1885000000,2179000000,1447000000,USD,90515000000,38404000000,12528000000,22219000000,2608000000,3664000000,50762000000,8306000000,8424000000,16186000000,6713000000,9473000000,40499000000,21790000000,9691000000,2993000000,4480000000,68396000000,27633000000,None,None,3231000000,16629000000,40730000000,None,35702000000,3231000000,32471000000,35702000000,-3521000000,3946000000,22119000000,50256000000,64759000000,1760000000,4266000000,USD,2527000000,None,None,None,None,297000000,362000000,None,None,1444000000,1468000000,-3296000000,None,890000000,890000000,None,1581000000,1581000000,None,403000000,None,None,-487000000,None,810000000,111000000,1447000000
86,2017Q4,45.96047619047619,46.18814285714286,45.7455253968254,45.967777777777776,9639001.73015873,0.5,0.49,0.01,2.0408,USD,5159000000,8314000000,3155000000,3155000000,1510000000,3057000000,None,3504000000,182000000,-210000000,12000000,222000000,41000000,-576000000,None,334000000,1050000000,3802000000,210000000,-2819000000,-3214000000,1272000000,1481000000,-2752000000,USD,87896000000,36545000000,6102000000,15358000000,2655000000,3667000000,50292000000,9638000000,8246000000,16530000000,7129000000,13649000000,38646000000,20999000000,9256000000,2000000000,4230000000,70824000000,27194000000,2288000000,None,16229000000,16503000000,41725000000,None,34480000000,3298000000,31182000000,47411000000,1533000000,8021000000,17072000000,50677000000,60430000000,1760000000,4263000000,USD,1123000000,None,None,None,None,334000000,481000000,None,-355000000,-2717000000,-2556000000,-4948000000,None,595000000,595000000,None,3155000000,3155000000,None,275000000,None,None,-320000000,None,-6522000000,-69000000,-2752000000
87,2018Q1,44.96885245901639,45.29163934426229,44.6216393442623,44.91737704918033,13337777.819672132,0.39,0.38,0.01,2.6316,USD,4888000000,7626000000,2738000000,2738000000,1811000000,2541000000,None,2720000000,165000000,-230000000,None,230000000,19000000,252000000,None,270000000,1874000000,506000000,230000000,1325000000,2044000000,2104000000,2333000000,1368000000,USD,93282000000,38042000000,8291000000,15809000000,2937000000,3904000000,53895000000,7977000000,8370000000,16714000000,6806000000,9908000000,35073000000,21478000000,7518000000,2449000000,4428000000,73672000000,31480000000,None,None,4370000000,19155000000,40185000000,None,34162000000,4370000000,29792000000,34162000000,-1191000000,8079000000,19610000000,51268000000,63150000000,1760000000,4265000000,USD,1073000000,None,None,None,None,270000000,274000000,None,None,1400000000,1297000000,324000000,None,927000000,927000000,None,9616000000,9616000000,None,477000000,None,None,-450000000,None,2851000000,95000000,1368000000
88,2018Q2,43.18953125,43.4715625,42.915625,43.19078125,12033628.125,0.47,0.46,0.01,2.1739,USD,5878000000,9421000000,3543000000,3543000000,2766000000,2887000000,None,2856000000,170000000,-241000000,6000000,247000000,-1000000,397000000,None,283000000,2927000000,611000000,241000000,2290000000,580000000,3174000000,3407000000,2316000000,USD,89593000000,36024000000,8149000000,13818000000,2881000000,4565000000,52262000000,7688000000,8284000000,16570000000,6707000000,9863000000,32720000000,20604000000,5669000000,2543000000,4401000000,71270000000,31398000000,None,None,4023000000,18738000000,38019000000,None,32086000000,4023000000,28063000000,32086000000,-1181000000,7367000000,18323000000,51588000000,63808000000,1760000000,4255000000,USD,2331000000,None,None,None,None,283000000,338000000,None,-171000000,2331000000,277000000,-3159000000,None,390000000,390000000,None,4967000000,4967000000,None,123000000,None,None,-267000000,None,2331000000,-204000000,2316000000
89,2018Q3,45.67777777777778,45.911587301587296,45.462273015873016,45.6884126984127,10045263.650793651,0.61,0.6,0.01,1.6667,USD,5429000000,8775000000,3346000000,3346000000,2614000000,2660000000,None,2771000000,171000000,-206000000,8000000,214000000,5000000,527000000,None,254000000,2435000000,555000000,206000000,2326000000,1584000000,2649000000,3307000000,1880000000,USD,86877000000,33413000000,9221000000,13792000000,2627000000,3702000000,52133000000,7404000000,8011000000,16575000000,6719000000,9856000000,38738000000,20899000000,4571000000,2066000000,4535000000,68613000000,31430000000,None,None,6341000000,19314000000,35269000000,None,31864000000,6341000000,25523000000,31864000000,-921000000,7246000000,18264000000,51720000000,64028000000,1760000000,4255000000,USD,851000000,None,None,None,None,254000000,305000000,None,-171000000,1818000000,1854000000,-3548000000,None,279000000,279000000,None,1659000000,1659000000,None,291000000,None,None,12000000,None,1845000000,-140000000,1880000000
90,2018Q4,47.83920634920635,48.245396825396824,47.417698412698414,47.862698412698414,14514521.412698412,0.58,0.55,0.03,5.4545,USD,4704000000,7806000000,3102000000,3102000000,1825000000,2716000000,None,2995000000,176000000,-242000000,11000000,253000000,-94000000,-1531000000,None,279000000,908000000,38000000,215000000,794000000,126000000,1161000000,1029000000,870000000,USD,83216000000,24930000000,9077000000,11102000000,3071000000,3396000000,51609000000,9598000000,8013000000,17164000000,6901000000,14109000000,33442000000,19407000000,2025000000,2059000000,4148000000,66235000000,28782000000,2498000000,None,18060000000,18838000000,34935000000,None,30379000000,5003000000,25376000000,43424000000,1722000000,7646000000,16981000000,51719000000,63234000000,1760000000,17035987226,USD,1937000000,None,None,None,None,279000000,430000000,None,-171000000,927000000,1819000000,-3964000000,None,316000000,316000000,None,3323000000,3323000000,None,585000000,None,None,269000000,None,-4908000000,-13000000,870000000
91,2019Q1,46.74131147540983,47.057459016393445,46.46229508196721,46.771147540983605,17103047.655737706,0.43,0.43,0,0,USD,5329000000,8694000000,3365000000,3365000000,2435000000,2767000000,None,3194000000,129000000,-232000000,13000000,245000000,46000000,28000000,None,275000000,2200000000,522000000,232000000,1645000000,2686000000,2445000000,2639000000,1678000000,USD,88347000000,28540000000,5848000000,7183000000,3178000000,3852000000,58574000000,8866000000,8032000000,22426000000,9462000000,12964000000,32433000000,19283000000,1335000000,2935000000,5382000000,70612000000,27943000000,None,None,3297000000,14867000000,40600000000,1268000000,32697000000,3297000000,29400000000,32697000000,-527000000,8598000000,17735000000,51981000000,63704000000,1760000000,4271000000,USD,788000000,None,None,None,None,275000000,364000000,None,-183000000,1703000000,-4459000000,421000000,None,397000000,397000000,None,10255000000,10255000000,None,190000000,None,None,-207000000,None,-2570000000,56000000,1678000000
92,2019Q2,48.96523809523809,49.284126984126985,48.710079365079366,49.01031746031746,11823455.507936507,0.48,0.46,0.02,4.3478,USD,6076000000,9997000000,3921000000,3921000000,2988000000,2996000000,None,3143000000,142000000,-236000000,142000000,236000000,1000000,471000000,None,327000000,3028000000,421000000,236000000,2628000000,1951000000,3264000000,3612000000,2607000000,USD,89996000000,24360000000,6731000000,9303000000,3453000000,4888000000,64090000000,10254000000,8222000000,26263000000,9423000000,16840000000,32141000000,19418000000,2572000000,2658000000,5596000000,71815000000,29382000000,None,None,2749000000,15779000000,40319000000,1353000000,32045000000,2749000000,29296000000,32045000000,-1775000000,8336000000,18181000000,52033000000,64602000000,1760000000,4269000000,USD,3713000000,None,None,None,None,327000000,403000000,None,-183000000,2628000000,-903000000,-1853000000,None,292000000,292000000,None,2554000000,2554000000,None,412000000,None,None,120000000,None,2628000000,-54000000,2607000000
93,2019Q3,53.55265625,53.88265625,53.17109375,53.54890625,11670181.703125,0.63,0.61,0.02,3.2787,USD,5740000000,9507000000,3767000000,3767000000,2499000000,3116000000,None,3344000000,153000000,-230000000,153000000,230000000,-39000000,499000000,None,363000000,3096000000,503000000,230000000,2589000000,1868000000,3326000000,3685000000,2593000000,USD,87433000000,23117000000,7531000000,9532000000,3266000000,4353000000,61707000000,10217000000,8267000000,25741000000,9276000000,16465000000,29834000000,18689000000,2001000000,2510000000,5750000000,68720000000,25100000000,None,None,745000000,11464000000,40145000000,1329000000,31504000000,492000000,31012000000,31504000000,-1543000000,8057000000,18713000000,51861000000,65481000000,1760000000,4280000000,USD,3270000000,None,None,None,None,363000000,439000000,None,-183000000,2589000000,1461000000,-3905000000,None,1000000,1000000,None,1710000000,1710000000,None,321000000,None,None,320000000,None,3328000000,-77000000,2593000000
94,2019Q4,53.8078125,54.04625,53.46203125,53.76421875,11041555.40625,0.56,0.56,0,0,USD,5502000000,9068000000,3566000000,3566000000,2164000000,3224000000,None,3418000000,135000000,-235000000,135000000,235000000,-1000000,648000000,None,400000000,2397000000,355000000,235000000,2065000000,2249000000,2632000000,3055000000,2042000000,USD,86381000000,20411000000,6480000000,7947000000,3379000000,3971000000,62594000000,10838000000,8083000000,26656000000,9892000000,16764000000,29256000000,19025000000,1467000000,1886000000,6075000000,67400000000,26973000000,3804000000,None,14541000000,10994000000,37137000000,None,31769000000,4253000000,27516000000,42763000000,7922000000,8510000000,18981000000,52244000000,65855000000,1760000000,4285000000,USD,2700000000,2208000000,None,None,None,400000000,848000000,None,-183000000,2065000000,-75000000,-3667000000,None,413000000,413000000,None,3426000000,3426000000,None,89000000,None,None,-324000000,None,-1039000000,3000000,2042000000
95,2020Q1,54.02967741935484,54.72741935483871,53.25975806451613,54.00822580645162,19765187.30645161,0.44,0.44,0,0,USD,5230000000,8601000000,3371000000,3371000000,2380000000,2648000000,None,1970000000,112000000,-193000000,112000000,193000000,43000000,279000000,None,367000000,2990000000,215000000,193000000,2795000000,623000000,3183000000,3570000000,2775000000,USD,94013000000,28234000000,13561000000,15274000000,3558000000,4430000000,64527000000,10993000000,None,27238000000,10565000000,16673000000,26347000000,18020000000,1713000000,2580000000,6001000000,75855000000,32397000000,None,None,5642000000,19299000000,41782000000,None,36736000000,5642000000,31094000000,36736000000,-1817000000,8832000000,18158000000,52088000000,66870000000,1760000000,4289000000,USD,556000000,None,None,None,None,367000000,327000000,None,99000000,2795000000,-1084000000,7810000000,None,94000000,94000000,None,0,12563000000,None,413000000,None,None,319000000,None,7228000000,-54000000,2775000000
96,2020Q2,46.24904761904762,46.74587301587301,45.54539682539683,46.06079365079365,18680728.682539683,0.51,0.44,0.07,15.9091,USD,4137000000,7150000000,3013000000,3013000000,1981000000,1983000000,None,2194000000,100000000,-274000000,100000000,274000000,13000000,276000000,None,381000000,2217000000,438000000,274000000,1759000000,1015000000,2491000000,6055000000,1779000000,USD,94689000000,29371000000,10037000000,17588000000,3501000000,3849000000,64017000000,10695000000,None,26892000000,10275000000,16617000000,32194000000,18189000000,7551000000,2205000000,5875000000,77205000000,26848000000,None,None,5181000000,14604000000,48652000000,None,42910000000,5181000000,37729000000,42910000000,576000000,8954000000,17484000000,52071000000,66888000000,1760000000,4295000000,USD,2230000000,None,None,None,None,381000000,209000000,None,99000000,1759000000,-5883000000,235000000,None,-1000000,-1000000,None,1761000000,5451000000,None,31000000,None,None,32000000,None,1759000000,-118000000,1779000000
97,2020Q3,48.0778125,48.5463265625,47.6489671875,48.09359375,15046184.96875,0.42,0.4,0.02,5,USD,5181000000,8652000000,3471000000,3471000000,2298000000,2511000000,None,2883000000,82000000,-660000000,132000000,660000000,-312000000,513000000,None,358000000,2178000000,441000000,660000000,1740000000,2751000000,2838000000,3199000000,1737000000,USD,97184000000,30410000000,11385000000,18732000000,3264000000,3827000000,65362000000,10667000000,None,27220000000,10333000000,16887000000,33331000000,18875000000,7347000000,2191000000,6161000000,78577000000,26891000000,None,None,7508000000,13365000000,49977000000,None,47010000000,7508000000,39502000000,47010000000,776000000,8530000000,18607000000,52033000000,66863000000,1760000000,4296000000,USD,3434000000,None,None,None,None,358000000,223000000,None,99000000,1740000000,-105000000,-2072000000,None,0,0,None,1761000000,1761000000,None,70000000,None,None,70000000,None,1740000000,136000000,1737000000
98,2020Q4,51.708125,52.1301625,51.2865375,51.70546875,14587459.375,0.55,0.46,0.09,19.5652,USD,5033000000,8611000000,3578000000,3578000000,2338000000,2589000000,None,3135000000,76000000,-310000000,30000000,310000000,-117000000,1121000000,None,430000000,2343000000,887000000,372000000,1474000000,2301000000,2653000000,3101000000,1456000000,USD,87296000000,19240000000,6795000000,8566000000,3266000000,3144000000,68567000000,10777000000,None,28325000000,10819000000,17506000000,28260000000,19273000000,1771000000,1916000000,6184000000,67997000000,14601000000,4654000000,None,2668000000,2183000000,51411000000,None,40610000000,485000000,40125000000,42793000000,8416000000,9453000000,19299000000,52016000000,66555000000,1760000000,4301000000,USD,3624000000,None,None,None,None,430000000,418000000,None,99000000,1474000000,5595000000,-14043000000,None,25000000,25000000,None,3525000000,3525000000,None,133000000,None,None,108000000,None,-4712000000,112000000,1456000000
99,2021Q1,50.361393442622955,50.78530655737705,49.94242295081967,50.33229508196721,19826405.918032788,0.47,0.42,0.05,11.9048,USD,5515000000,9020000000,3505000000,3505000000,2722000000,2669000000,None,2803000000,66000000,-442000000,66000000,442000000,34000000,345000000,None,366000000,2753000000,508000000,442000000,2255000000,2713000000,3195000000,3571000000,2245000000,USD,89993000000,21932000000,8484000000,10355000000,3356000000,None,68061000000,10673000000,None,11172000000,11172000000,17618000000,None,18966000000,1871000000,2225000000,6494000000,69638000000,16486000000,None,None,None,4813000000,51175000000,None,43050000000,2880000000,40170000000,44983000000,744000000,8558000000,20355000000,51911000000,67009000000,1760000000,4307000000,USD,1636000000,None,None,None,None,366000000,216000000,None,-135000000,2255000000,-281000000,364000000,None,104000000,104000000,None,1810000000,1810000000,None,183000000,None,None,79000000,None,1719000000,-18000000,2245000000
100,2021Q2,54.42698412698413,54.70150952380952,54.108666666666664,54.406507936507936,14070977.746031746,0.55,0.5,0.05,10,USD,6342000000,10129000000,3787000000,3787000000,3016000000,3017000000,None,3330000000,71000000,-780000000,307000000,780000000,5000000,473000000,None,383000000,3635000000,994000000,780000000,2624000000,3475000000,4415000000,4781000000,2641000000,USD,90194000000,22481000000,9188000000,11267000000,3281000000,None,67713000000,10547000000,None,11213000000,11213000000,17693000000,None,19416000000,2079000000,2122000000,6553000000,67945000000,15299000000,None,None,None,2204000000,50640000000,None,40141000000,337000000,39804000000,42008000000,971000000,8350000000,22249000000,51831000000,67838000000,1760000000,4313000000,USD,3889000000,None,None,None,None,383000000,234000000,None,-135000000,2624000000,2034000000,-5326000000,None,0,0,None,1813000000,1813000000,None,159000000,None,None,159000000,None,2624000000,100000000,2641000000
101,2021Q3,55.796406250000004,56.080409375,55.4625078125,55.7428125,13253191.9375,0.68,0.56,0.12,21.4286,USD,6065000000,10042000000,3977000000,3977000000,2898000000,3122000000,None,3434000000,68000000,-210000000,68000000,210000000,5000000,523000000,None,362000000,3080000000,609000000,210000000,2475000000,1520000000,3290000000,3656000000,2471000000,USD,90606000000,24240000000,11301000000,13145000000,3182000000,None,66366000000,10058000000,None,10945000000,10945000000,17455000000,None,19181000000,1844000000,2300000000,6490000000,68427000000,15990000000,None,None,None,2314000000,50483000000,None,39842000000,448000000,39394000000,41708000000,846000000,8401000000,22179000000,51754000000,68494000000,1760000000,4318000000,USD,3706000000,None,None,None,None,362000000,278000000,None,-135000000,2475000000,166000000,-1629000000,None,0,0,None,1814000000,1814000000,None,151000000,None,None,151000000,None,2105000000,-138000000,2471000000
102,2021Q4,55.62328125,55.992521875,55.3126546875,55.68453125,16320868.34375,0.65,0.58,0.07,12.069,USD,5376000000,9464000000,4088000000,4088000000,1672000000,3336000000,None,2722000000,71000000,-165000000,71000000,165000000,-675000000,2373000000,None,341000000,2924000000,510000000,724000000,2450000000,2334000000,3089000000,3466000000,2414000000,USD,94354000000,22545000000,9684000000,10926000000,3414000000,3512000000,73209000000,9920000000,None,35398000000,16035000000,19363000000,24585000000,17598000000,1242000000,2994000000,6731000000,71355000000,19950000000,5720000000,None,4645000000,3307000000,50719000000,None,39454000000,1338000000,38116000000,42761000000,10703000000,8607000000,22999000000,51641000000,69094000000,1760000000,4321000000,USD,3394000000,None,None,None,None,341000000,639000000,None,-135000000,2450000000,-4684000000,-195000000,None,7000000,7000000,None,1815000000,1815000000,None,209000000,None,None,202000000,None,-1588000000,-103000000,2414000000
103,2022Q1,60.722500000000004,61.27475806451613,60.20553548387097,60.81354838709677,19767162.35483871,0.45,0.41,0.04,9.7561,USD,6400000000,10491000000,4091000000,4091000000,3405000000,2967000000,None,3020000000,78000000,-182000000,78000000,182000000,-256000000,-105000000,None,559000000,3446000000,665000000,182000000,2793000000,3771000000,3628000000,3964000000,2781000000,USD,94064000000,22156000000,7681000000,8417000000,3741000000,None,71908000000,9784000000,None,15142000000,15142000000,19598000000,None,18986000000,736000000,3418000000,6392000000,69219000000,18787000000,None,None,None,4649000000,48436000000,None,38091000000,1039000000,37052000000,41701000000,866000000,8252000000,24845000000,51932000000,69969000000,1760000000,4332000000,USD,623000000,None,None,None,None,324000000,217000000,None,None,2793000000,146000000,-2975000000,None,546000000,546000000,None,1906000000,1906000000,None,449000000,None,None,-97000000,None,-2206000000,None,2781000000
104,2022Q2,63.366370967741936,64.02296935483871,62.73079193548387,63.38983870967742,18258772.48387097,0.64,0.58,0.06,10.3448,USD,6495000000,11325000000,4830000000,4830000000,2341000000,3203000000,None,4250000000,100000000,-198000000,100000000,198000000,-129000000,-351000000,None,463000000,2289000000,384000000,198000000,1900000000,444000000,2487000000,2804000000,1905000000,USD,93169000000,23141000000,8976000000,9752000000,3621000000,None,70028000000,9462000000,None,14978000000,14978000000,18910000000,None,18375000000,776000000,3407000000,6470000000,70164000000,20531000000,None,None,None,5146000000,47835000000,None,37543000000,788000000,36755000000,41901000000,1172000000,8046000000,23005000000,52505000000,69970000000,1760000000,4331000000,USD,3923000000,None,None,None,None,322000000,270000000,None,None,1900000000,-1291000000,-975000000,None,664000000,664000000,None,1904000000,1904000000,None,203000000,None,None,-461000000,None,1657000000,None,1905000000
105,2022Q3,62.2534375,62.668359375,61.68273125,62.1509375,12751771.78125,0.7,0.67,0.03,4.4776,USD,6497000000,11063000000,4566000000,4566000000,3088000000,3279000000,None,3466000000,128000000,-198000000,128000000,198000000,-95000000,-53000000,None,861000000,3447000000,622000000,198000000,2822000000,1757000000,3645000000,3949000000,2825000000,USD,92471000000,24139000000,10127000000,11247000000,3708000000,3994000000,67791000000,9243000000,None,32946000000,14617000000,18329000000,24363000000,17723000000,1120000000,3217000000,6130000000,69666000000,21439000000,None,None,729000000,4125000000,46610000000,None,36191000000,729000000,35462000000,36191000000,-497000000,8010000000,22805000000,52666000000,70893000000,1760000000,4325000000,USD,3522000000,None,None,None,None,307000000,289000000,None,-960000000,2822000000,-1044000000,-1128000000,None,202000000,202000000,None,100000000,100000000,None,55000000,None,None,-147000000,None,1350000000,None,2825000000
106,2022Q4,60.35622063492063,60.804741269841266,59.88653174603175,60.37063492063492,13364202.92063492,0.69,0.64,0.05,7.8125,USD,5612000000,10125000000,4513000000,4513000000,2075000000,3431000000,None,3541000000,143000000,-304000000,178000000,304000000,330000000,247000000,None,307000000,2475000000,444000000,304000000,2056000000,3005000000,2779000000,3111000000,2031000000,USD,92763000000,22591000000,9519000000,10562000000,4233000000,3487000000,71749000000,9841000000,None,34266000000,15484000000,18782000000,22862000000,18264000000,1043000000,3240000000,6189000000,68658000000,19724000000,6241000000,None,2772000000,2373000000,48329000000,None,36776000000,399000000,36377000000,39149000000,1203000000,7922000000,24105000000,52601000000,71019000000,1760000000,4325000000,USD,2950000000,None,None,None,None,307000000,708000000,None,-960000000,2056000000,1426000000,-5172000000,None,6000000,6000000,None,3706000000,3706000000,None,130000000,None,None,124000000,None,-796000000,None,2031000000
107,2023Q1,60.57653225806452,61.00886129032258,60.12302580645161,60.54693548387097,13904838.741935484,0.45,0.45,0,0,USD,6663000000,10980000000,4317000000,4317000000,3367000000,3185000000,None,2854000000,168000000,-372000000,168000000,372000000,-24000000,615000000,None,286000000,4047000000,940000000,372000000,3113000000,3680000000,4419000000,4711000000,3107000000,USD,97404000000,26880000000,12004000000,13170000000,4727000000,4599000000,70187000000,9848000000,None,33575000000,14897000000,18678000000,23290000000,18744000000,1166000000,3259000000,6324000000,72187000000,23357000000,None,None,6093000000,5282000000,47179000000,None,36945000000,811000000,36134000000,42227000000,1498000000,7874000000,25217000000,53247000000,72137000000,1760000000,4326000000,USD,160000000,None,None,None,None,286000000,276000000,None,None,3113000000,117000000,2065000000,None,848000000,848000000,None,101000000,101000000,None,229000000,None,None,-619000000,None,2342000000,None,3107000000
108,2023Q2,62.256048387096776,62.51153225806452,61.87567903225807,62.211774193548386,13287127.08064516,0.68,0.65,0.03,4.6154,USD,7060000000,11972000000,4912000000,4912000000,2401000000,3321000000,None,4725000000,224000000,-374000000,224000000,374000000,22000000,91000000,None,281000000,2906000000,359000000,374000000,2521000000,2852000000,3280000000,2682000000,2547000000,USD,98456000000,27591000000,12564000000,14431000000,4646000000,3970000000,70709000000,9706000000,None,33486000000,14941000000,18545000000,23843000000,19262000000,1867000000,3281000000,6592000000,72443000000,24115000000,None,None,5814000000,4643000000,46789000000,None,36797000000,1171000000,35626000000,41440000000,18116000000,8449000000,26013000000,53418000000,72695000000,1760000000,4325000000,USD,4469000000,None,None,None,None,281000000,339000000,None,None,2521000000,-883000000,-3063000000,None,236000000,236000000,None,1988000000,1988000000,None,130000000,None,None,-106000000,None,523000000,None,2547000000
109,2023Q3,60.05674603174603,60.368901587301586,59.68094603174603,59.97746031746031,12243037.42857143,0.78,0.72,0.06,8.3333,USD,7296000000,11953000000,4657000000,4657000000,3270000000,3667000000,None,4027000000,248000000,-368000000,248000000,368000000,9000000,-130000000,None,290000000,3541000000,454000000,368000000,3083000000,2289000000,3909000000,4195000000,3087000000,USD,97578000000,27867000000,11883000000,14215000000,4252000000,3495000000,69663000000,8860000000,None,32885000000,14741000000,18144000000,23597000000,19256000000,2332000000,4685000000,7031000000,71253000000,24409000000,None,None,5778000000,3698000000,45497000000,None,36256000000,2080000000,34176000000,39954000000,18414000000,8427000000,26325000000,53494000000,73793000000,1760000000,4324000000,USD,4300000000,None,None,None,None,290000000,386000000,None,None,3083000000,-1657000000,-3087000000,None,109000000,109000000,None,1989000000,1989000000,None,65000000,None,None,-44000000,None,None,None,3087000000
