,Quarter,1. open,2. high,3. low,4. close,5. volume,reportedEPS,estimatedEPS,surprise,surprisePercentage,reportTime,reportedCurrency_x,grossProfit,totalRevenue,costOfRevenue,costofGoodsAndServicesSold,operatingIncome,sellingGeneralAndAdministrative,researchAndDevelopment,operatingExpenses,investmentIncomeNet,netInterestIncome,interestIncome,interestExpense,nonInterestIncome,otherNonOperatingIncome,depreciation,depreciationAndAmortization,incomeBeforeTax,incomeTaxExpense,interestAndDebtExpense,netIncomeFromContinuingOperations,comprehensiveIncomeNetOfTax,ebit,ebitda,netIncome_x,reportedCurrency_y,totalAssets,totalCurrentAssets,cashAndCashEquivalentsAtCarryingValue,cashAndShortTermInvestments,inventory,currentNetReceivables,totalNonCurrentAssets,propertyPlantEquipment,accumulatedDepreciationAmortizationPPE,intangibleAssets,intangibleAssetsExcludingGoodwill,goodwill,investments,longTermInvestments,shortTermInvestments,otherCurrentAssets,otherNonCurrentAssets,totalLiabilities,totalCurrentLiabilities,currentAccountsPayable,deferredRevenue,currentDebt,shortTermDebt,totalNonCurrentLiabilities,capitalLeaseObligations,longTermDebt,currentLongTermDebt,longTermDebtNoncurrent,shortLongTermDebtTotal,otherCurrentLiabilities,otherNonCurrentLiabilities,totalShareholderEquity,treasuryStock,retainedEarnings,commonStock,commonStockSharesOutstanding,reportedCurrency,operatingCashflow,paymentsForOperatingActivities,proceedsFromOperatingActivities,changeInOperatingLiabilities,changeInOperatingAssets,depreciationDepletionAndAmortization,capitalExpenditures,changeInReceivables,changeInInventory,profitLoss,cashflowFromInvestment,cashflowFromFinancing,proceedsFromRepaymentsOfShortTermDebt,paymentsForRepurchaseOfCommonStock,paymentsForRepurchaseOfEquity,paymentsForRepurchaseOfPreferredStock,dividendPayout,dividendPayoutCommonStock,dividendPayoutPreferredStock,proceedsFromIssuanceOfCommonStock,proceedsFromIssuanceOfLongTermDebtAndCapitalSecuritiesNet,proceedsFromIssuanceOfPreferredStock,proceedsFromRepurchaseOfEquity,proceedsFromSaleOfTreasuryStock,changeInCashAndCashEquivalents,changeInExchangeRate,netIncome_y
53,2009Q3,24.16578125,24.4431671875,23.943984375,24.2251875,55463904.6875,0.36,0.36,0,0,pre-market,USD,10078000000,12920000000,2842000000,2842000000,4482000000,3531000000,2065000000,5596000000,203000000,-38000000,None,38000000,51000000,-3000000,None,646000000,4765000000,1191000000,38000000,3574000000,3574000000,4803000000,5331000000,3574000000,USD,81612000000,52231000000,8823000000,36728000000,1150000000,8587000000,29381000000,7512000000,7853000000,14235000000,1653000000,12582000000,None,6006000000,27905000000,3325000000,1628000000,40400000000,28761000000,3287000000,None,2250000000,2250000000,11639000000,None,3746000000,None,3746000000,5996000000,3052000000,6537000000,41212000000,None,-21081000000,62293000000,8900000000,USD,6107000000,None,None,1850000000,-2748000000,646000000,435000000,-2748000000,419000000,3574000000,-1199000000,-2190000000,378000000,1540000000,1540000000,None,1157000000,1157000000,None,248000000,None,None,-1292000000,None,2747000000,29000000,3574000000
54,2009Q4,28.5578890625,28.83359375,28.360078125,28.6171875,54098317.1875,0.4,0.32,0.08,25,pre-market,USD,15394000000,19022000000,3628000000,3628000000,8513000000,4743000000,2079000000,6881000000,197000000,-38000000,None,38000000,73000000,46000000,None,615000000,8883000000,2221000000,38000000,6662000000,6662000000,8921000000,9325000000,6662000000,USD,82096000000,52487000000,9422000000,36099000000,589000000,11196000000,29609000000,7402000000,8170000000,13714000000,1346000000,12368000000,None,6976000000,26677000000,2547000000,1517000000,37813000000,25715000000,3171000000,None,2249000000,2249000000,12098000000,None,3746000000,None,3746000000,5995000000,2885000000,6808000000,44283000000,None,-19605000000,62566000000,8811000000,USD,4969000000,None,None,-623000000,2789000000,615000000,376000000,2789000000,-558000000,6662000000,-92000000,-4277000000,-475000000,3867000000,3867000000,None,1152000000,1152000000,None,729000000,None,None,-3138000000,None,599000000,-1000000,6662000000
55,2010Q1,29.28651639344262,29.53737704918033,28.984098360655736,29.25411475409836,58107072.13114754,0.74,0.59,0.15,25.4237,pre-market,USD,11748000000,14503000000,2755000000,2755000000,5173000000,4355000000,2220000000,6575000000,204000000,-38000000,None,38000000,-125000000,-10000000,None,694000000,5341000000,1335000000,38000000,4006000000,4006000000,5379000000,6071000000,4006000000,USD,84910000000,54518000000,8155000000,39666000000,501000000,9137000000,30392000000,7372000000,8393000000,13745000000,1282000000,12463000000,None,7797000000,31511000000,2992000000,1478000000,39200000000,26424000000,3279000000,None,2249000000,2249000000,12776000000,None,3746000000,None,3746000000,5995000000,3145000000,7113000000,45710000000,None,-16807000000,62517000000,8762000000,USD,7393000000,None,None,-117000000,-1947000000,694000000,408000000,-1947000000,-77000000,4006000000,-5904000000,-2726000000,-349000000,2023000000,2023000000,None,1139000000,1139000000,None,422000000,None,None,-1601000000,None,-1267000000,-30000000,4006000000
56,2010Q2,28.06015873015873,28.359903174603176,27.678480952380955,27.97713492063492,74777322.22222222,0.45,0.42,0.03,7.1429,pre-market,USD,12869000000,16039000000,3170000000,3170000000,5930000000,4589000000,2350000000,7937000000,239000000,-37000000,None,37000000,-138000000,-19000000,None,718000000,6024000000,1506000000,37000000,12869000000,4518000000,6061000000,7052000000,4518000000,USD,86113000000,55676000000,5505000000,36788000000,740000000,13014000000,30437000000,7630000000,8629000000,1158000000,1158000000,12394000000,45068000000,7754000000,31283000000,2950000000,1501000000,39938000000,26147000000,4025000000,14830000000,1000000000,1000000000,14027000000,None,4900000000,None,4939000000,5900000000,2931000000,7445000000,46175000000,None,-16681000000,62856000000,8668000000,USD,5604000000,None,None,-2612000000,4144000000,718000000,758000000,4144000000,260000000,12869000000,-4119000000,-4098000000,-545000000,3839000000,3839000000,None,1127000000,1127000000,None,912000000,None,None,-1127000000,None,-2650000000,-37000000,4518000000
57,2010Q3,24.78296875,24.9872296875,24.5343890625,24.7903828125,61892221.875,0.51,0.46,0.05,10.8696,pre-market,USD,13056000000,16195000000,3139000000,3139000000,7116000000,3744000000,2196000000,5990000000,210000000,-45000000,None,45000000,-47000000,-38000000,None,124000000,7230000000,1820000000,45000000,5410000000,5410000000,7275000000,7399000000,5410000000,USD,91540000000,59581000000,8161000000,44173000000,1242000000,9646000000,31959000000,7771000000,8942000000,13548000000,1077000000,12471000000,53384000000,9211000000,36012000000,2176000000,1429000000,44598000000,25857000000,3654000000,13919000000,1000000000,1000000000,25441000000,None,9700000000,None,9665000000,10700000000,3139000000,7384000000,46942000000,None,-14993000000,61935000000,8562000000,USD,8194000000,None,None,327000000,-3206000000,124000000,564000000,-3674000000,468000000,5410000000,-4957000000,-639000000,814000000,4399000000,4399000000,None,1118000000,1118000000,None,177000000,None,None,-4222000000,None,2656000000,58000000,5410000000
58,2010Q4,26.2790625,26.4954578125,26.0923046875,26.3290625,57442485.9375,0.62,0.55,0.07,12.7273,pre-market,USD,15120000000,19953000000,4833000000,4833000000,8165000000,4770000000,2185000000,6919000000,205000000,-72000000,None,72000000,81000000,0,None,126000000,8497000000,1863000000,72000000,6634000000,6634000000,8569000000,8695000000,6634000000,USD,92306000000,59684000000,4023000000,41252000000,861000000,12874000000,32622000000,7799000000,9279000000,13494000000,992000000,12502000000,51274000000,10022000000,37229000000,2149000000,1307000000,43825000000,24312000000,3863000000,13417000000,0,0,26413000000,None,9700000000,None,9671000000,9700000000,3190000000,7662000000,48481000000,None,-13165000000,61646000000,8403000000,USD,4186000000,None,None,663000000,2890000000,126000000,491000000,3270000000,-380000000,6634000000,-1570000000,-6751000000,-2000000000,5052000000,5052000000,None,1363000000,1363000000,None,660000000,None,None,-4392000000,None,-4138000000,-3000000,6634000000
59,2011Q1,27.00911290322581,27.22645,26.778353225806452,26.98989516129032,61072780.64516129,0.77,0.68,0.09,13.2353,pre-market,USD,12531000000,16428000000,3897000000,3897000000,5709000000,4553000000,2269000000,6971000000,216000000,-84000000,None,84000000,-10000000,7000000,None,162000000,6025000000,793000000,84000000,5232000000,5232000000,6109000000,6271000000,5232000000,USD,99727000000,66263000000,7021000000,50150000000,1056000000,10033000000,33464000000,7969000000,9564000000,13394000000,840000000,12554000000,104027000000,10748000000,43129000000,2438000000,1353000000,46275000000,24042000000,3829000000,13019000000,0,0,29433000000,None,11900000000,None,11915000000,11900000000,3325000000,8001000000,53452000000,None,-9782000000,63234000000,8431000000,USD,8672000000,5000000,None,7045000000,-2235000000,162000000,658000000,-3031000000,170000000,5232000000,-7139000000,1437000000,0,848000000,848000000,None,1349000000,1349000000,None,1405000000,None,None,557000000,None,2998000000,28000000,5232000000
60,2011Q2,25.07305714285714,25.27331746031746,24.85063333333333,25.076825396825395,63105796.82539683,0.61,0.56,0.05,8.9286,pre-market,USD,13659000000,17367000000,3708000000,3708000000,6171000000,5095000000,2393000000,7325000000,269000000,-94000000,None,94000000,-127000000,0,None,125000000,6319000000,445000000,94000000,13659000000,6682000000,6413000000,6538000000,5874000000,USD,108704000000,74918000000,9610000000,52772000000,1372000000,14987000000,33786000000,8162000000,9829000000,13325000000,744000000,12581000000,107332000000,10865000000,43162000000,3320000000,1434000000,51621000000,28774000000,4197000000,17120000000,0,0,30919000000,None,11900000000,0,11921000000,11900000000,3492000000,8072000000,57083000000,None,-8195000000,63415000000,8376000000,USD,5942000000,183000000,None,12277000000,6071000000,1588000000,642000000,4886000000,303000000,13659000000,-950000000,-2423000000,0,1256000000,1256000000,None,1350000000,1350000000,None,180000000,None,None,-1076000000,None,2589000000,20000000,5874000000
61,2011Q3,26.0196875,26.3878828125,25.71203125,26.074921875,66540435.9375,0.69,0.58,0.11,18.9655,pre-market,USD,13595000000,17372000000,3777000000,3777000000,7203000000,4063000000,2329000000,6392000000,211000000,-94000000,None,94000000,-13000000,-4000000,None,109000000,7306000000,1568000000,94000000,5738000000,4626000000,7400000000,7509000000,5738000000,USD,107415000000,75271000000,12881000000,57403000000,2270000000,10153000000,32144000000,8033000000,10209000000,13563000000,1026000000,12537000000,110501000000,8576000000,44522000000,3255000000,1972000000,48024000000,25543000000,3719000000,15658000000,None,4234000000,29981000000,None,11900000000,None,11927000000,11900000000,3245000000,8201000000,59391000000,None,-4101000000,63492000000,8410000000,USD,8493000000,70000000,None,4758000000,-3998000000,109000000,436000000,-4733000000,920000000,5738000000,-2315000000,-2869000000,0,1934000000,1934000000,None,1341000000,1341000000,None,336000000,None,None,-1598000000,None,3271000000,-38000000,5738000000
62,2011Q4,26.097442857142855,26.312222222222225,25.837555555555557,26.081507936507936,51928833.333333336,0.68,0.68,0,0,pre-market,USD,15247000000,20885000000,5638000000,5638000000,7994000000,4882000000,2371000000,7253000000,182000000,-95000000,None,95000000,-207000000,50000000,None,155000000,8239000000,1615000000,95000000,6624000000,6699000000,8334000000,8489000000,6624000000,USD,112243000000,72513000000,10610000000,51736000000,1351000000,13643000000,39730000000,8010000000,10546000000,19670000000,2581000000,19670000000,100412000000,7550000000,41126000000,3614000000,1919000000,48122000000,25373000000,3884000000,15334000000,None,4447000000,30449000000,None,11900000000,None,11932000000,11900000000,3057000000,8386000000,64121000000,None,219000000,63902000000,8382000000,USD,5862000000,4000000,None,7978000000,2126000000,155000000,498000000,3652000000,-891000000,6624000000,-5568000000,-2513000000,0,1042000000,1042000000,None,1683000000,1683000000,None,208000000,None,None,-834000000,None,-2271000000,-52000000,6624000000
63,2012Q1,30.476937096774193,30.745456451612903,30.28685483870968,30.565725806451614,52928337.09677419,0.78,0.76,0.02,2.6316,pre-market,USD,13455000000,17407000000,3952000000,3952000000,6374000000,4564000000,2517000000,7081000000,180000000,-95000000,None,95000000,-110000000,-20000000,None,142000000,6363000000,1255000000,95000000,5108000000,5614000000,6458000000,6600000000,5108000000,USD,118010000000,76860000000,6388000000,59529000000,1412000000,10961000000,41150000000,8225000000,10952000000,22454000000,2756000000,19698000000,122182000000,9068000000,53141000000,2608000000,1403000000,49351000000,26170000000,3790000000,15191000000,None,5440000000,31081000000,None,22626000000,None,11938000000,22626000000,3011000000,8525000000,68659000000,None,3386000000,65273000000,8400000000,USD,9594000000,10000000,None,9047000000,-2802000000,142000000,749000000,-2770000000,50000000,5108000000,-12241000000,-1605000000,0,1023000000,1023000000,None,1683000000,1683000000,None,1091000000,None,None,68000000,None,-4222000000,30000000,5108000000
64,2012Q2,30.489842857142854,30.736069841269842,30.19773968253968,30.44984126984127,46480058.73015873,0.6,0.57,0.03,5.2632,pre-market,USD,13896000000,18059000000,4163000000,4163000000,192000000,4917000000,2594000000,13704000000,227000000,-96000000,None,96000000,-151000000,-25000000,None,152000000,359000000,851000000,96000000,7703000000,-402000000,455000000,607000000,-492000000,USD,121271000000,85084000000,6938000000,63040000000,1137000000,15780000000,34294000000,8269000000,10962000000,16622000000,3170000000,13452000000,129759000000,9776000000,56102000000,3092000000,1520000000,54908000000,32688000000,4175000000,20059000000,1231000000,1231000000,30428000000,None,11900000000,1231000000,10713000000,11900000000,3151000000,8208000000,66363000000,None,566000000,65797000000,8381000000,USD,7677000000,353000000,None,14874000000,5401000000,2352000000,622000000,5007000000,-263000000,7703000000,-4662000000,-2421000000,0,1030000000,1030000000,None,1678000000,1678000000,None,278000000,None,None,-752000000,None,550000000,-44000000,-492000000
65,2012Q3,30.297815873015875,30.502380952380953,30.027541269841272,30.28463492063492,38277146.03174603,0.67,0.62,0.05,8.0645,pre-market,USD,11840000000,16008000000,4168000000,4168000000,5308000000,4072000000,2460000000,6532000000,159000000,-95000000,None,95000000,-25000000,202000000,None,178000000,5534000000,1068000000,95000000,4466000000,4864000000,5629000000,5807000000,4466000000,USD,121876000000,84051000000,5036000000,66644000000,1624000000,9871000000,37825000000,8329000000,11401000000,17889000000,3423000000,14466000000,138613000000,10038000000,61608000000,3860000000,1569000000,53040000000,31402000000,3631000000,19587000000,2236000000,2236000000,29438000000,None,12000000000,2236000000,9714000000,12000000000,3312000000,8423000000,68836000000,None,932000000,66084000000,8422000000,USD,8484000000,177000000,None,6538000000,-5065000000,178000000,603000000,-6156000000,473000000,4466000000,-7719000000,-2714000000,0,1632000000,1632000000,None,1676000000,1676000000,None,417000000,None,None,-1215000000,None,-1902000000,47000000,4466000000
66,2012Q4,28.027337096774193,28.23236451612903,27.752133870967743,27.96325161290323,54245633.87096774,0.53,0.56,-0.03,-5.3571,pre-market,USD,15764000000,21456000000,5692000000,5692000000,7771000000,5465000000,2528000000,7993000000,166000000,-105000000,None,105000000,-72000000,-33000000,None,198000000,7770000000,1393000000,105000000,6377000000,6563000000,7875000000,8073000000,6377000000,USD,128683000000,89574000000,6017000000,68312000000,1661000000,14317000000,39109000000,8698000000,11773000000,18068000000,3341000000,14727000000,141674000000,10707000000,62295000000,3301000000,1636000000,56107000000,31910000000,4356000000,19813000000,2241000000,2241000000,31897000000,None,14200000000,2241000000,11947000000,14200000000,3366000000,8397000000,72576000000,None,4236000000,66334000000,8374000000,USD,4780000000,9000000,None,11572000000,4451000000,198000000,930000000,4488000000,33000000,6377000000,-2593000000,-1221000000,0,1658000000,1658000000,None,1933000000,1933000000,None,145000000,None,None,-1513000000,None,981000000,15000000,6377000000
67,2013Q1,27.676666666666666,27.876548333333336,27.48674833333333,27.685566666666666,46176456.666666664,0.76,0.75,0.01,1.3333,pre-market,USD,15702000000,20489000000,4787000000,4787000000,7612000000,5450000000,2640000000,8090000000,150000000,-109000000,None,109000000,-27000000,-80000000,None,187000000,7603000000,1548000000,109000000,6055000000,6254000000,7712000000,7899000000,6055000000,USD,134105000000,93524000000,5240000000,74483000000,2133000000,11991000000,40581000000,9204000000,12247000000,17922000000,3240000000,14682000000,155299000000,11193000000,69243000000,3241000000,2262000000,57417000000,31929000000,4532000000,17905000000,2246000000,2246000000,34588000000,None,14200000000,2246000000,11949000000,14200000000,3913000000,9721000000,76688000000,None,7657000000,66826000000,8349000000,USD,9666000000,6000000,None,11556000000,-1834000000,187000000,930000000,-2191000000,483000000,6055000000,-7660000000,-2744000000,0,1028000000,1028000000,None,1925000000,1925000000,None,203000000,None,None,-825000000,None,-777000000,-39000000,6055000000
68,2013Q2,32.6233890625,32.99543125,32.3930703125,32.760375,52185917.625,0.72,0.68,0.04,5.8824,pre-market,USD,14294000000,20032000000,5738000000,5602000000,6073000000,5438000000,2783000000,8085000000,202000000,-120000000,None,120000000,-146000000,105000000,None,176000000,6145000000,1180000000,120000000,14294000000,4503000000,6265000000,6441000000,4965000000,USD,142431000000,101466000000,3804000000,77022000000,1938000000,17486000000,39256000000,9991000000,12513000000,14655000000,3083000000,14655000000,88786000000,10844000000,73218000000,3388000000,2392000000,63487000000,37417000000,4828000000,22399000000,2999000000,0,35780000000,None,15600000000,2999000000,12601000000,15600000000,3597000000,10000000000,78944000000,None,9895000000,67306000000,8328000000,USD,5903000000,388000000,None,16428000000,5664000000,2776000000,1794000000,5666000000,-187000000,14294000000,-5839000000,-1469000000,0,1042000000,1042000000,None,1921000000,1921000000,None,166000000,None,None,-876000000,None,-1436000000,-31000000,4965000000
69,2013Q3,32.8888421875,33.184184375,32.584390625,32.897578125,53208704.6875,0.66,0.75,-0.09,-12,pre-market,USD,13384000000,18529000000,5145000000,5145000000,6334000000,4314000000,2767000000,7050000000,179000000,-118000000,None,118000000,58000000,80000000,None,162000000,6408000000,1164000000,118000000,5244000000,6232000000,6526000000,6688000000,5244000000,USD,142348000000,99450000000,4023000000,80672000000,2613000000,11007000000,42898000000,10774000000,13038000000,17649000000,2982000000,14667000000,93083000000,11995000000,76649000000,3900000000,2480000000,60707000000,34623000000,4841000000,20214000000,3300000000,1300000000,35084000000,None,14600000000,2000000000,12632000000,15900000000,3625000000,9587000000,81641000000,None,11680000000,67230000000,8346000000,USD,8205000000,205000000,None,5444000000,-5313000000,162000000,1231000000,-6617000000,667000000,5244000000,-4614000000,-3396000000,712000000,2188000000,2188000000,None,1916000000,1916000000,None,203000000,None,None,-1985000000,None,219000000,24000000,5244000000
70,2013Q4,36.2872671875,36.5754671875,36.01040625,36.321671875,40505950.0,0.62,0.54,0.08,14.8148,pre-market,USD,16197000000,24519000000,8322000000,8322000000,7969000000,5518000000,2748000000,8228000000,219000000,-135000000,None,135000000,-7000000,-111000000,None,166000000,7878000000,1320000000,135000000,6558000000,7104000000,8013000000,8179000000,6558000000,USD,153543000000,106870000000,10059000000,83944000000,1594000000,15986000000,46673000000,11567000000,13686000000,17625000000,2945000000,14680000000,98551000000,14607000000,73885000000,4018000000,2874000000,68443000000,33742000000,5398000000,19474000000,2300000000,300000000,43901000000,None,22700000000,2000000000,20676000000,23000000000,3920000000,9790000000,85100000000,None,14347000000,67476000000,8300000000,USD,4413000000,20000000,None,10986000000,4256000000,166000000,1732000000,4875000000,-1029000000,6558000000,-1025000000,2615000000,-712000000,2113000000,2113000000,None,2332000000,2332000000,None,117000000,None,None,-1996000000,None,6036000000,33000000,6558000000
71,2014Q1,37.539444262295085,37.87775245901639,37.173067213114756,37.535,39573055.73770492,0.78,0.68,0.1,14.7059,pre-market,USD,14425000000,20403000000,5978000000,5978000000,6974000000,4745000000,2743000000,7451000000,220000000,-175000000,None,175000000,-28000000,-72000000,None,170000000,6957000000,1297000000,175000000,5660000000,5715000000,7132000000,7302000000,5660000000,USD,156119000000,109006000000,11572000000,88425000000,1920000000,13497000000,47113000000,11771000000,14441000000,17652000000,2901000000,14751000000,103199000000,14792000000,76853000000,3740000000,2898000000,68695000000,33903000000,4583000000,19512000000,2000000000,0,44192000000,None,22700000000,2000000000,20679000000,22700000000,4275000000,9953000000,87424000000,None,16289000000,67803000000,8260000000,USD,10099000000,22000000,None,10529000000,-2444000000,170000000,1192000000,-2501000000,324000000,5660000000,-4284000000,-4304000000,0,1845000000,1845000000,None,2322000000,2322000000,None,141000000,None,None,-1704000000,None,1513000000,2000000,5660000000
72,2014Q2,40.46698571428571,40.73499841269842,40.12436349206349,40.47204761904762,29781842.85714286,0.68,0.63,0.05,7.9365,pre-market,USD,15749000000,23382000000,7633000000,7595000000,6482000000,6055000000,3123000000,9267000000,265000000,-169000000,None,169000000,-222000000,-66000000,None,347000000,6577000000,1965000000,169000000,15787000000,4988000000,6746000000,7093000000,4612000000,USD,172384000000,114246000000,8669000000,85709000000,2660000000,19544000000,55410000000,13011000000,14793000000,27108000000,6981000000,20127000000,100811000000,14597000000,77040000000,4392000000,3422000000,82600000000,45625000000,7432000000,25158000000,2000000000,2000000000,47485000000,None,20600000000,0,20645000000,22600000000,6906000000,11594000000,89784000000,None,17710000000,68366000000,8239000000,USD,15787000000,533000000,None,19928000000,5439000000,3747000000,1330000000,5363000000,199000000,15787000000,-8910000000,-3309000000,500000000,1170000000,1170000000,None,2309000000,2309000000,None,146000000,None,None,-1024000000,None,-2903000000,-198000000,4612000000
73,2014Q3,44.5378140625,44.8541921875,44.244921875,44.6064609375,32892663.0,0.55,0.6,-0.05,-8.3333,pre-market,USD,14928000000,23201000000,8273000000,8273000000,5844000000,4879000000,3065000000,7944000000,225000000,-161000000,None,161000000,-267000000,-35000000,None,372000000,5896000000,1356000000,161000000,4540000000,4589000000,6057000000,6429000000,4540000000,USD,169656000000,112439000000,6302000000,89193000000,3141000000,12887000000,57217000000,13229000000,15373000000,26774000000,6693000000,20081000000,103136000000,13943000000,82891000000,5434000000,3271000000,79486000000,44694000000,6769000000,22538000000,5248000000,3500000000,45492000000,None,20200000000,1748000000,18472000000,23700000000,7130000000,11781000000,90170000000,None,18051000000,68362000000,8255000000,USD,14610000000,672000000,None,6386000000,-6143000000,372000000,1282000000,-6627000000,483000000,4540000000,-7737000000,-2978000000,2999000000,2888000000,2888000000,None,2307000000,2307000000,None,216000000,None,None,-2672000000,None,-2367000000,-6000000,4540000000
74,2014Q4,46.945328125,47.3567171875,46.5299796875,46.938359375,31298686.015625,0.54,0.49,0.05,10.2041,post-market,USD,16334000000,26470000000,10136000000,10136000000,7776000000,5412000000,2903000000,8558000000,183000000,-162000000,None,162000000,6000000,-209000000,None,329000000,7850000000,1987000000,162000000,5863000000,5489000000,8012000000,8341000000,5863000000,USD,174848000000,116362000000,6426000000,90249000000,2053000000,16186000000,58486000000,13607000000,16192000000,29154000000,7299000000,21855000000,102914000000,12665000000,83823000000,6173000000,3060000000,82969000000,47415000000,6932000000,21243000000,10048000000,8299000000,46854000000,None,20000000000,1749000000,18260000000,28300000000,6623000000,12423000000,91879000000,None,19731000000,68765000000,8218000000,USD,6413000000,22000000,None,10002000000,2297000000,329000000,1490000000,3378000000,-1070000000,5863000000,-4716000000,534000000,4798000000,2145000000,2145000000,None,2547000000,2547000000,None,121000000,None,None,-2024000000,None,124000000,-34000000,5863000000
75,2015Q1,43.55409836065574,43.92129672131147,43.1481131147541,43.53475409836065,39337429.32786885,0.75,0.71,0.04,5.6338,post-market,USD,14568000000,21729000000,7161000000,7161000000,6594000000,4800000000,2984000000,7974000000,160000000,-211000000,None,211000000,-168000000,-27000000,None,361000000,6517000000,1532000000,211000000,4985000000,5073000000,6728000000,7089000000,4985000000,USD,176683000000,118398000000,7414000000,95438000000,2469000000,12427000000,58285000000,14375000000,16839000000,28691000000,6963000000,21728000000,107457000000,12019000000,88024000000,6376000000,3200000000,86551000000,40748000000,6690000000,20198000000,4224000000,1725000000,57603000000,None,30100000000,2499000000,27644000000,31800000000,6846000000,13274000000,90132000000,None,18186000000,68475000000,8113000000,USD,16817000000,31000000,None,10465000000,-3006000000,361000000,1391000000,-3655000000,430000000,4985000000,-5481000000,-3065000000,-6575000000,5131000000,5131000000,None,2532000000,2532000000,None,146000000,None,None,-4985000000,None,988000000,-36000000,4985000000
76,2015Q2,45.564128571428576,46.03555555555556,45.22135079365079,45.62777777777778,34483510.87301587,0.61,0.51,0.1,19.6078,post-market,USD,14712000000,22180000000,7468000000,7468000000,-2053000000,5233000000,3094000000,16765000000,198000000,-247000000,None,247000000,191000000,4000000,None,200000000,-1756000000,1439000000,247000000,14712000000,-4144000000,-1509000000,-1309000000,-3195000000,USD,174472000000,122797000000,5595000000,96526000000,2902000000,17908000000,48676000000,14731000000,17606000000,21774000000,4835000000,16939000000,108579000000,12053000000,90931000000,5461000000,3117000000,94389000000,49647000000,6591000000,25318000000,7484000000,4985000000,59826000000,None,30300000000,2499000000,27808000000,35285000000,6555000000,13544000000,80083000000,None,9096000000,68465000000,8027000000,USD,14712000000,736000000,None,18140000000,5260000000,4300000000,1781000000,5448000000,429000000,14712000000,-5067000000,-3571000000,3259000000,4279000000,4279000000,None,2496000000,2496000000,None,151000000,None,None,-4128000000,None,-1819000000,3000000,-3195000000
77,2015Q3,44.8428125,45.37803125,44.408796875,44.903515625,33945547.84375,0.6,0.56,0.04,7.1429,post-market,USD,13172000000,20379000000,7207000000,4035000000,5793000000,4417000000,2962000000,7621000000,199000000,-249000000,None,249000000,-139000000,-93000000,None,242000000,5513000000,611000000,249000000,4620000000,4118000000,5762000000,6004000000,4902000000,USD,172896000000,121656000000,5431000000,99355000000,3816000000,11444000000,51240000000,15046000000,18009000000,21887000000,4745000000,17142000000,110793000000,11438000000,93924000000,5594000000,2869000000,95451000000,49399000000,6630000000,24387000000,10748000000,9998000000,57952000000,None,28600000000,750000000,27819000000,38598000000,6207000000,13280000000,77445000000,None,7896000000,68093000000,7986000000,USD,15022000000,421000000,None,8148000000,-5154000000,242000000,1356000000,-6376000000,937000000,4620000000,-5066000000,-3648000000,4890000000,4757000000,4757000000,None,2475000000,2475000000,None,219000000,None,None,-4538000000,None,-164000000,-44000000,4902000000
78,2015Q4,52.511875,53.056703125,52.0621140625,52.622265625,36140982.421875,0.67,0.59,0.08,13.5593,post-market,USD,13924000000,23796000000,9872000000,6268000000,6026000000,4998000000,2900000000,8147000000,200000000,-309000000,None,309000000,-154000000,-14000000,None,249000000,5855000000,837000000,309000000,4998000000,5053000000,6164000000,6413000000,5018000000,USD,180098000000,127812000000,7185000000,102640000000,2702000000,14507000000,52286000000,15789000000,18008000000,22055000000,4619000000,17436000000,114129000000,11514000000,95455000000,6345000000,2928000000,103318000000,42643000000,6936000000,25031000000,3750000000,3000000000,72975000000,None,41400000000,750000000,40679000000,44400000000,6447000000,13700000000,76780000000,None,7030000000,68279000000,7925000000,USD,9211000000,20000000,None,13414000000,2870000000,249000000,2024000000,3118000000,-1104000000,4998000000,-3328000000,-498000000,-7031000000,3678000000,3678000000,None,2868000000,2868000000,None,117000000,None,None,-3561000000,None,1754000000,-18000000,5018000000
79,2016Q1,52.42885245901639,52.98182295081967,51.761947540983606,52.42172131147541,39066518.27868853,0.78,0.71,0.07,9.8592,post-market,USD,12809000000,20531000000,7722000000,3801000000,5283000000,4546000000,2980000000,7775000000,230000000,-340000000,None,340000000,-173000000,-49000000,None,249000000,5036000000,1280000000,340000000,3756000000,3823000000,5376000000,5625000000,3756000000,USD,181869000000,128421000000,7170000000,105552000000,2450000000,12247000000,53448000000,16831000000,18885000000,22407000000,4459000000,17948000000,116842000000,11315000000,98382000000,6598000000,2895000000,107063000000,44354000000,6759000000,25893000000,5498000000,5498000000,62709000000,None,40900000000,0,40896000000,46398000000,5887000000,14122000000,74806000000,None,4954000000,68012000000,7870000000,USD,17939000000,-170000000,None,13910000000,-2116000000,249000000,2308000000,-2288000000,-241000000,3756000000,-5483000000,-4916000000,2622000000,3857000000,3857000000,None,2842000000,2842000000,None,159000000,None,None,-3698000000,None,-15000000,17000000,3756000000
80,2016Q2,51.89265625,52.361610937500004,51.49655,51.9646875,32091913.828125,0.62,0.64,-0.02,-3.125,post-market,USD,12635000000,20614000000,7979000000,18676000000,3080000000,5299000000,3146000000,9814000000,274000000,-345000000,None,345000000,-98000000,-39000000,None,238000000,5494000000,2372000000,345000000,3080000000,6817000000,5839000000,6077000000,3122000000,USD,193468000000,139660000000,6510000000,113240000000,2251000000,18277000000,54034000000,18356000000,19800000000,21605000000,3733000000,17872000000,123646000000,10431000000,106730000000,5892000000,3416000000,121471000000,59357000000,6898000000,None,12904000000,12904000000,74140000000,None,40600000000,0,40557000000,53504000000,5949000000,13640000000,83090000000,None,2282000000,68178000000,7808000000,USD,-8796000000,1186000000,None,20662000000,5236000000,5138000000,2655000000,6076000000,-192000000,3080000000,-10073000000,971000000,6714000000,3677000000,3677000000,None,2821000000,2821000000,None,173000000,None,None,-3504000000,None,-660000000,-22000000,3122000000
81,2016Q3,56.385546875,56.7466359375,56.079390625,56.4471875,25648776.890625,0.69,0.58,0.11,18.9655,post-market,USD,14084000000,21928000000,7844000000,3581000000,6715000000,4278000000,3106000000,7598000000,293000000,-437000000,None,437000000,-146000000,-15000000,None,214000000,6827000000,1160000000,437000000,4690000000,5831000000,7264000000,7478000000,5667000000,USD,212524000000,157909000000,13928000000,136932000000,3122000000,11129000000,54615000000,19224000000,20885000000,21429000000,3522000000,17907000000,147392000000,10486000000,123004000000,6726000000,3476000000,142152000000,58810000000,6296000000,33588000000,14536000000,14536000000,95642000000,None,60200000000,14536000000,60154000000,74736000000,7123000000,14340000000,82462000000,None,944000000,67747000000,7784000000,USD,11549000000,176000000,None,12228000000,-5312000000,214000000,2163000000,-7174000000,867000000,4690000000,-18470000000,14329000000,-3390000000,4362000000,4362000000,None,2800000000,2800000000,None,241000000,None,None,-4121000000,None,7418000000,10000000,5667000000
82,2016Q4,60.160555555555554,60.568801587301586,59.7254,60.14698412698413,27642510.587301586,0.76,0.68,0.08,11.7647,post-market,USD,15925000000,25826000000,9901000000,5378000000,7905000000,4950000000,3062000000,8327000000,311000000,-521000000,None,521000000,-128000000,-172000000,None,315000000,8022000000,1755000000,521000000,5200000000,4961000000,8543000000,8858000000,6267000000,USD,224610000000,144949000000,8468000000,122781000000,1961000000,14343000000,79661000000,21379000000,21888000000,45525000000,11001000000,34524000000,131667000000,8912000000,114313000000,5864000000,3845000000,155801000000,70787000000,6580000000,34680000000,25664000000,25065000000,98314000000,None,59900000000,599000000,59306000000,84965000000,6688000000,15980000000,81829000000,None,120000000000,68177000000,7730000000,USD,6293000000,109000000,None,13557000000,513000000,315000000,1988000000,2711000000,-1132000000,5200000000,-14751000000,3016000000,-3755000000,3599000000,3599000000,None,3024000000,3024000000,None,131000000,None,None,-3468000000,None,-5460000000,-18000000,6267000000
83,2017Q1,64.06201612903226,64.39353870967741,63.69515,64.08629032258064,22973436.596774194,0.84,0.79,0.05,6.3291,post-market,USD,15152000000,23212000000,8060000000,3075000000,6723000000,5081000000,3355000000,8996000000,380000000,-609000000,None,609000000,-200000000,-40000000,None,560000000,7094000000,1608000000,609000000,4801000000,5675000000,7703000000,8263000000,5486000000,USD,225017000000,146313000000,6713000000,126018000000,1979000000,12882000000,78704000000,21962000000,22992000000,45215000000,10547000000,34668000000,133399000000,7381000000,119305000000,5434000000,4146000000,155288000000,52005000000,6217000000,35733000000,7786000000,7187000000,117683000000,None,76800000000,599000000,76222000000,83987000000,6025000000,17381000000,83491000000,None,531000000,68554000000,7723000000,USD,10660000000,118000000,None,17411000000,-1420000000,560000000,1695000000,-1487000000,16000000,4801000000,-6191000000,-6236000000,-1302000000,2062000000,2062000000,None,3012000000,3012000000,None,179000000,None,None,-1883000000,None,-1755000000,12000000,5486000000
84,2017Q2,68.65253968253968,69.02811428571428,68.13405238095238,68.64825396825397,24511552.412698414,0.73,0.7,0.03,4.2857,post-market,USD,17149000000,25605000000,8456000000,22227000000,7682000000,5711000000,3514000000,10131000000,403000000,-655000000,None,655000000,25605000000,-24000000,None,600000000,7958000000,-111000000,655000000,5330000000,7855000000,8613000000,9213000000,8069000000,USD,250312000000,162696000000,7663000000,132981000000,2181000000,19792000000,81235000000,23734000000,24179000000,45228000000,10106000000,35122000000,139004000000,6023000000,125318000000,5103000000,6076000000,162601000000,55745000000,7390000000,26656000000,10121000000,9072000000,117665000000,None,77100000000,1049000000,76073000000,86172000000,7684000000,3549000000,87711000000,None,17769000000,69315000000,7708000000,USD,11005000000,1665000000,None,26515000000,6567000000,6700000000,2283000000,6875000000,199000000,5330000000,-7369000000,-2701000000,3484000000,1765000000,1765000000,None,3009000000,3009000000,None,221000000,None,None,-1544000000,None,950000000,15000000,8069000000
85,2017Q3,72.96246031746033,73.45221904761905,72.52697301587303,73.04587301587303,19802222.412698414,0.98,0.71,0.27,38.0282,post-market,USD,16260000000,24538000000,8278000000,8278000000,7708000000,4978000000,3574000000,9115000000,473000000,-672000000,None,672000000,-59000000,-39000000,None,563000000,7984000000,1408000000,672000000,6576000000,6475000000,8656000000,9219000000,6576000000,USD,249097000000,161031000000,6884000000,138471000000,3211000000,14561000000,82822000000,24809000000,25523000000,44987000000,9598000000,35389000000,143814000000,5343000000,131587000000,4788000000,6083000000,159450000000,51615000000,6866000000,24904000000,9220000000,8170000000,115967000000,None,77300000000,1050000000,76255000000,85470000000,7520000000,4229000000,89647000000,None,19702000000,69419000000,7720000000,USD,12440000000,184000000,None,-3362000000,-6330000000,563000000,2132000000,-7949000000,1023000000,6576000000,-6904000000,-6341000000,-3710000000,2570000000,2570000000,None,3003000000,3003000000,None,307000000,None,None,-2263000000,None,-779000000,26000000,6576000000
86,2017Q4,82.0131746031746,82.5035507936508,81.5120253968254,82.03031746031746,20699211.80952381,0.84,0.72,0.12,16.6667,post-market,USD,17854000000,28918000000,11064000000,11064000000,8679000000,5671000000,3504000000,9737000000,530000000,-698000000,None,698000000,-144000000,34000000,None,562000000,9169000000,15471000000,698000000,-6302000000,-7227000000,9867000000,10429000000,-6302000000,USD,256003000000,167633000000,12859000000,142780000000,2003000000,18428000000,83221000000,26304000000,26849000000,44389000000,9034000000,35355000000,146741000000,3961000000,129921000000,4422000000,6967000000,177643000000,58099000000,7850000000,23809000000,15912000000,12466000000,113904000000,None,76800000000,3446000000,73348000000,89266000000,7787000000,4820000000,78360000000,None,8567000000,70192000000,7705000000,USD,7875000000,123000000,None,16337000000,2693000000,562000000,2586000000,3908000000,-1205000000,-6302000000,-331000000,-1552000000,3759000000,2008000000,2008000000,None,3238000000,3238000000,None,189000000,None,None,-1819000000,None,5975000000,-17000000,-6302000000
87,2018Q1,91.5483606557377,92.53819672131148,90.44901639344263,91.45,32238218.426229507,0.96,0.86,0.1,11.6279,post-market,USD,17550000000,26819000000,9269000000,9269000000,8292000000,5543000000,3715000000,9818000000,575000000,-691000000,None,691000000,-52000000,7000000,None,560000000,8641000000,1217000000,691000000,7424000000,6670000000,9332000000,9892000000,7424000000,USD,245497000000,156659000000,9221000000,132270000000,2084000000,17208000000,83579000000,27929000000,28377000000,44126000000,8544000000,35582000000,135088000000,2818000000,123049000000,5097000000,7106000000,166258000000,46133000000,7623000000,23955000000,3677000000,230000000,114374000000,None,76900000000,3447000000,73480000000,77130000000,7500000000,5223000000,79239000000,None,9974000000,70418000000,7690000000,USD,12151000000,90000000,None,1034000000,-848000000,560000000,2934000000,-1285000000,75000000,7424000000,3844000000,-19658000000,-7373000000,3781000000,3781000000,None,3232000000,3232000000,None,251000000,None,None,-3530000000,None,-3638000000,25000000,7424000000
88,2018Q2,96.93828125,97.77625,95.9659375,96.9203125,27816594.21875,0.95,0.85,0.1,11.7647,post-market,USD,20343000000,30085000000,34165000000,9742000000,10379000000,6031000000,3933000000,10464000000,636000000,-672000000,None,672000000,30085000000,-61000000,None,500000000,10680000000,1807000000,672000000,10379000000,7797000000,11352000000,11852000000,8873000000,USD,258848000000,169662000000,11946000000,133768000000,2662000000,26481000000,84300000000,29460000000,29223000000,43736000000,8053000000,35683000000,129579000000,1862000000,121822000000,6751000000,7442000000,176130000000,58488000000,8617000000,None,3998000000,0,112074000000,None,76200000000,3998000000,72242000000,76200000000,8744000000,5211000000,82718000000,None,13682000000,71223000000,7677000000,USD,11418000000,1300000000,None,12022000000,10049000000,8200000000,3980000000,9188000000,572000000,10379000000,-2670000000,-6039000000,0,2362000000,2362000000,None,3226000000,3226000000,None,255000000,None,None,-2107000000,None,2725000000,16000000,8873000000
89,2018Q3,108.25730158730158,109.08301587301587,107.46936507936508,108.40746031746032,23910920.126984127,1.13,1.08,0.05,4.6296,post-market,USD,19179000000,28615000000,15708000000,9905000000,9955000000,5247000000,3977000000,9780000000,681000000,-674000000,None,674000000,29289000000,14000000,None,556000000,10221000000,1397000000,674000000,8824000000,8463000000,10895000000,11451000000,8824000000,USD,257619000000,164195000000,15137000000,135880000000,3614000000,17390000000,88490000000,31430000000,30953000000,43434000000,7579000000,35855000000,131941000000,2034000000,120743000000,7311000000,9792000000,171652000000,56277000000,8511000000,None,6497000000,0,109723000000,None,76200000000,6497000000,69733000000,76200000000,7953000000,5539000000,85967000000,None,17279000000,71303000000,7680000000,USD,13657000000,452000000,None,-6206000000,-7582000000,556000000,3602000000,-9194000000,956000000,8824000000,-2953000000,-7384000000,0,3744000000,3744000000,None,3220000000,3220000000,None,360000000,None,None,-3384000000,None,3191000000,-129000000,8824000000
90,2018Q4,107.5079365079365,108.8236492063492,105.55492063492063,107.11920634920635,41143876.50793651,1.14,0.96,0.18,18.75,post-market,USD,20048000000,31796000000,18673000000,12423000000,10258000000,5720000000,4070000000,10320000000,704000000,-672000000,None,672000000,32468000000,34000000,None,530000000,10385000000,1965000000,672000000,8420000000,9022000000,11057000000,11587000000,8420000000,USD,258859000000,156874000000,6638000000,127662000000,1961000000,19680000000,97079000000,32717000000,33082000000,50059000000,8482000000,41577000000,124407000000,2274000000,121024000000,7571000000,10129000000,166731000000,50318000000,7563000000,None,3516000000,0,110730000000,None,73200000000,3516000000,69653000000,73200000000,8297000000,6055000000,92128000000,None,16585000000,77556000000,7683000000,USD,8900000000,466000000,None,-2002000000,1388000000,530000000,3707000000,2396000000,-1654000000,8420000000,-4200000000,-13216000000,0,6413000000,6413000000,None,3544000000,3544000000,None,200000000,None,None,-6213000000,None,-8499000000,17000000,8420000000
91,2019Q1,108.86803278688524,109.8216393442623,107.98032786885246,109.10295081967213,29054854.06557377,1.1,1.09,0.01,0.9174,post-market,USD,20401000000,29993000000,16345000000,10170000000,10341000000,5744000000,4316000000,10491000000,668000000,-671000000,None,671000000,30664000000,16000000,None,431000000,10486000000,1677000000,671000000,8809000000,9557000000,11157000000,11588000000,8809000000,USD,263281000000,159887000000,11212000000,131618000000,1951000000,19269000000,98273000000,33648000000,35431000000,49964000000,8103000000,41861000000,127455000000,2403000000,120406000000,7049000000,10258000000,168417000000,53861000000,7544000000,None,6515000000,0,108584000000,5972000000,73100000000,6515000000,66585000000,73100000000,7837000000,6763000000,94864000000,None,18338000000,77791000000,7666000000,USD,13520000000,490000000,None,1087000000,59000000,431000000,2565000000,-460000000,-12000000,8809000000,-1363000000,-7601000000,0,4753000000,4753000000,None,3526000000,3526000000,None,274000000,None,None,-4479000000,None,4574000000,18000000,8809000000
92,2019Q2,126.85253968253969,127.82380952380952,125.92253968253968,126.95539682539682,23630170.682539683,1.14,1,0.14,14,post-market,USD,23305000000,33717000000,17199000000,10412000000,12405000000,6387000000,4513000000,11300000000,709000000,-669000000,321000000,669000000,33717000000,-121000000,None,400000000,12596000000,-591000000,669000000,12405000000,14112000000,13265000000,13665000000,13187000000,USD,286556000000,175552000000,11356000000,133819000000,2063000000,29524000000,105825000000,36477000000,35330000000,49776000000,7750000000,42026000000,129789000000,2649000000,122463000000,10146000000,14723000000,184226000000,69420000000,9382000000,74412000000,5516000000,0,108618000000,6188000000,72178000000,5516000000,66662000000,72200000000,9351000000,7581000000,102330000000,None,24150000000,78520000000,7643000000,USD,16108000000,509000000,None,16754000000,11902000000,10100000000,4051000000,10070000000,113000000,12405000000,-7257000000,-8686000000,0,4633000000,4633000000,None,3521000000,3521000000,None,308000000,None,None,-4325000000,None,144000000,-21000000,13187000000
93,2019Q3,137.70328125,138.5603125,136.3184609375,137.51328125,24182947.5625,1.37,1.21,0.16,13.2231,post-market,USD,22649000000,32428000000,16363000000,10406000000,12686000000,5398000000,4565000000,10522000000,724000000,-637000000,139000000,637000000,33065000000,-18000000,None,559000000,12686000000,2008000000,637000000,10678000000,10957000000,13323000000,13882000000,10678000000,USD,278955000000,165896000000,13117000000,136636000000,2622000000,19087000000,115359000000,38409000000,36971000000,49621000000,7508000000,42113000000,131971000000,2684000000,123519000000,7551000000,14455000000,172894000000,58118000000,8574000000,68052000000,3017000000,3017000000,114776000000,6659000000,69495000000,3017000000,66478000000,69495000000,8507000000,8826000000,106061000000,None,27240000000,78882000000,7634000000,USD,13818000000,531000000,None,-9685000000,-8758000000,559000000,3385000000,-10090000000,561000000,10678000000,-1776000000,-10209000000,0,4912000000,4912000000,None,3510000000,3510000000,None,427000000,None,None,-4485000000,None,1761000000,-72000000,10678000000
94,2019Q4,146.87140625,147.66125,145.94171875,146.90546875,21974165.625,1.38,1.25,0.13,10.4,post-market,USD,24548000000,36322000000,18986000000,12358000000,13891000000,6054000000,4603000000,11231000000,688000000,-654000000,281000000,654000000,36976000000,-19000000,None,574000000,14085000000,2436000000,654000000,11649000000,11455000000,14739000000,15313000000,11649000000,USD,282794000000,167074000000,8864000000,134253000000,1823000000,23525000000,118120000000,40522000000,39597000000,49374000000,7126000000,42248000000,129483000000,2755000000,125389000000,7473000000,14630000000,172685000000,59640000000,8811000000,62442000000,6247000000,6247000000,113045000000,7172000000,69608000000,6247000000,63361000000,69608000000,9131000000,9658000000,110109000000,None,30739000000,79625000000,7611000000,USD,10680000000,563000000,None,-1500000000,3756000000,574000000,3545000000,4203000000,-799000000,11649000000,-6036000000,-8915000000,0,5206000000,5206000000,None,3886000000,3886000000,None,234000000,None,None,-4972000000,None,-4253000000,18000000,11649000000
95,2020Q1,164.1932258064516,167.3617741935484,161.36919354838707,164.4490322580645,49303856.12903226,1.51,1.32,0.19,14.3939,post-market,USD,24046000000,34315000000,17650000000,10975000000,12975000000,6184000000,4887000000,11562000000,673000000,-614000000,153000000,614000000,34929000000,-3000000,None,491000000,12843000000,2091000000,614000000,10752000000,13683000000,13457000000,13948000000,10752000000,USD,285449000000,170505000000,11710000000,137626000000,1644000000,22699000000,117444000000,41221000000,41512000000,48919000000,6855000000,42064000000,132104000000,2660000000,125916000000,8536000000,13696000000,170948000000,58707000000,9246000000,60794000000,3748000000,3748000000,112241000000,7248000000,66610000000,3748000000,62862000000,66610000000,9151000000,9673000000,114501000000,None,32012000000,79813000000,7590000000,USD,17504000000,592000000,None,1160000000,-1290000000,491000000,3767000000,-891000000,-181000000,10752000000,51000000,-14645000000,0,7059000000,7059000000,None,3876000000,3876000000,None,342000000,None,None,-6717000000,None,2846000000,-64000000,10752000000
96,2020Q2,181.29841269841268,183.63079365079363,178.9857142857143,181.52492063492062,38709460.87301587,1.4,1.26,0.14,11.1111,post-market,USD,25694000000,38033000000,20161000000,12339000000,13407000000,7073000000,5214000000,13036000000,595000000,-686000000,None,686000000,38033000000,0,None,588000000,13422000000,2220000000,686000000,13407000000,11712000000,14108000000,14696000000,11202000000,USD,301311000000,181915000000,13576000000,136527000000,1895000000,32011000000,122096000000,44151000000,43197000000,50389000000,7038000000,43351000000,130044000000,2965000000,122951000000,11482000000,13138000000,183007000000,72310000000,12530000000,78360000000,3749000000,3749000000,110697000000,7671000000,63327000000,3749000000,59578000000,63327000000,10027000000,10632000000,118304000000,None,34566000000,80552000000,7571000000,USD,18673000000,479000000,None,14318000000,12068000000,11288000000,4744000000,9355000000,251000000,13407000000,-4462000000,-12262000000,0,5791000000,5791000000,None,3865000000,3865000000,None,340000000,None,None,-5451000000,None,13407000000,-83000000,11202000000
97,2020Q3,210.089921875,212.6503390625,207.191721875,210.0334375,34855529.359375,1.46,1.34,0.12,8.9552,post-market,USD,26152000000,36724000000,16941000000,11002000000,15876000000,5350000000,4926000000,10865000000,570000000,-589000000,None,589000000,37313000000,0,None,589000000,16124000000,2231000000,589000000,13893000000,13807000000,16713000000,17302000000,13893000000,USD,301001000000,177077000000,17205000000,137977000000,2705000000,23951000000,126624000000,47927000000,45417000000,50813000000,6923000000,43890000000,131702000000,3103000000,120772000000,13544000000,13034000000,177609000000,70056000000,12509000000,72610000000,6497000000,6497000000,107553000000,7753000000,63552000000,6497000000,57055000000,63552000000,9476000000,11525000000,123392000000,None,39193000000,81089000000,7564000000,USD,19335000000,583000000,None,-6439000000,-7919000000,589000000,4907000000,-8843000000,808000000,13893000000,-5371000000,-10289000000,0,6743000000,6743000000,None,3856000000,3856000000,None,545000000,None,None,-6198000000,None,3629000000,-46000000,13893000000
98,2020Q4,214.980234375,217.1542109375,212.8783859375,215.024375,28108850.859375,1.82,1.54,0.28,18.1818,post-market,USD,28882000000,42558000000,20907000000,14194000000,17897000000,6086000000,4899000000,11612000000,545000000,-571000000,545000000,571000000,43129000000,70000000,None,627000000,18337000000,2874000000,571000000,15463000000,15720000000,18908000000,19535000000,15463000000,USD,304137000000,173973000000,14432000000,131968000000,1924000000,28020000000,133064000000,51737000000,47715000000,50774000000,6555000000,44219000000,125914000000,3794000000,117536000000,12769000000,13561000000,173901000000,67486000000,12770000000,66774000000,5387000000,5387000000,106415000000,8875000000,60523000000,5387000000,55136000000,60523000000,10527000000,12544000000,130236000000,None,44973000000,81896000000,7546000000,USD,12516000000,576000000,None,-2914000000,3989000000,627000000,4174000000,4008000000,-788000000,15463000000,-1669000000,-13634000000,0,6535000000,6535000000,None,4230000000,4230000000,None,302000000,None,None,-6233000000,None,-2773000000,14000000,15463000000
99,2021Q1,231.92958524590165,234.4081606557377,229.6257918032787,232.02147540983606,30529106.786885247,2.03,1.64,0.39,23.7805,post-market,USD,28661000000,41059000000,20070000000,13045000000,17048000000,6409000000,5204000000,12229000000,519000000,-633000000,519000000,633000000,41692000000,6000000,None,616000000,17236000000,1779000000,633000000,15457000000,13552000000,17869000000,18485000000,15457000000,USD,308879000000,165614000000,13702000000,125407000000,2245000000,27129000000,146065000000,54945000000,49681000000,57825000000,8127000000,49698000000,118220000000,5395000000,111705000000,11640000000,14427000000,174374000000,72193000000,13412000000,65428000000,8051000000,8051000000,102181000000,9272000000,58058000000,8051000000,50007000000,58058000000,10450000000,12941000000,134505000000,None,50735000000,82308000000,7534000000,USD,22179000000,633000000,None,3146000000,446000000,616000000,5089000000,-290000000,329000000,15457000000,-9684000000,-13192000000,0,6930000000,6930000000,None,4221000000,4221000000,None,396000000,None,None,-6534000000,None,-730000000,-33000000,15457000000
100,2021Q2,253.73778253968254,255.7833412698413,252.1247111111111,254.18246031746034,24955185.07936508,1.95,1.78,0.17,9.5506,post-market,USD,32161000000,45595000000,22025000000,13991000000,19095000000,7379000000,5687000000,13721000000,497000000,-553000000,497000000,553000000,46148000000,22000000,None,655000000,19405000000,2947000000,553000000,16458000000,16818000000,19958000000,20613000000,16458000000,USD,333779000000,184406000000,14224000000,130334000000,2636000000,39008000000,152773000000,59715000000,51351000000,57511000000,7800000000,49711000000,122266000000,5984000000,116110000000,13393000000,15075000000,191791000000,88657000000,15163000000,88282000000,8072000000,8072000000,103134000000,9629000000,58146000000,8072000000,50074000000,58146000000,11666000000,13427000000,141988000000,None,57055000000,83111000000,7519000000,USD,22710000000,646000000,None,16880000000,15093000000,9955000000,6452000000,11606000000,388000000,16458000000,-10853000000,-11371000000,0,7177000000,7177000000,None,4214000000,4214000000,None,450000000,None,None,-6727000000,None,522000000,36000000,16458000000
101,2021Q3,290.902828125,292.8066796875,288.7084921875,290.9503125,22899915.234375,2.17,1.92,0.25,13.0208,post-market,USD,31671000000,44743000000,20145000000,13646000000,20238000000,5834000000,5599000000,12098000000,520000000,-539000000,520000000,539000000,45282000000,6000000,None,665000000,20524000000,19000000,539000000,20505000000,19966000000,21063000000,21728000000,20505000000,USD,335418000000,174326000000,19165000000,130615000000,3411000000,28203000000,164492000000,63772000000,52469000000,58249000000,7794000000,50455000000,122731000000,6393000000,111450000000,12951000000,21103000000,183440000000,80528000000,14832000000,82030000000,3249000000,3249000000,102912000000,10050000000,53288000000,3249000000,50039000000,53288000000,10816000000,14346000000,151978000000,None,66944000000,83751000000,7510000000,USD,24540000000,670000000,None,-4596000000,-10051000000,665000000,5810000000,-10486000000,777000000,20505000000,-3250000000,-16276000000,0,7684000000,7684000000,None,4206000000,4206000000,None,612000000,None,None,-7072000000,None,4941000000,-73000000,20505000000
102,2021Q4,323.705584375,326.6816421875,320.9102515625,324.21015625,25771687.21875,2.27,2.07,0.2,9.6618,post-market,USD,34768000000,51228000000,24433000000,16960000000,22247000000,6763000000,5758000000,13231000000,503000000,-525000000,503000000,525000000,51753000000,-4000000,None,710000000,22515000000,3750000000,525000000,18765000000,17919000000,23040000000,23750000000,18765000000,USD,340389000000,174188000000,20604000000,125369000000,3019000000,34507000000,169701000000,67214000000,55277000000,58383000000,7462000000,50921000000,118260000000,6994000000,104765000000,12280000000,21256000000,180379000000,77510000000,15314000000,73538000000,4998000000,4998000000,102869000000,10774000000,53258000000,4998000000,48260000000,53258000000,11684000000,14747000000,160010000000,None,75045000000,84528000000,7500000000,USD,14480000000,548000000,None,-4327000000,5227000000,710000000,5865000000,5543000000,-394000000,18765000000,-1161000000,-11986000000,0,7433000000,7433000000,None,4652000000,4652000000,None,291000000,None,None,-7142000000,None,1439000000,106000000,18765000000
103,2022Q1,301.40030322580645,305.124014516129,296.45738548387095,300.8538709677419,38331258.14516129,2.48,2.31,0.17,7.3593,post-market,USD,33745000000,48732000000,23481000000,15615000000,20364000000,7075000000,6306000000,14172000000,519000000,-503000000,519000000,503000000,49235000000,-11000000,None,791000000,20190000000,3462000000,503000000,16728000000,13815000000,20693000000,21484000000,16728000000,USD,344607000000,153922000000,12498000000,104693000000,3296000000,33613000000,194285000000,70298000000,58053000000,78719000000,11348000000,67371000000,96125000000,6907000000,92195000000,13320000000,21845000000,181683000000,77439000000,16085000000,73592000000,1749000000,1749000000,104244000000,11357000000,49926000000,1749000000,48177000000,49926000000,11865000000,15154000000,162924000000,None,79633000000,85767000000,7483000000,USD,25386000000,835000000,None,3127000000,55000000,791000000,5340000000,-857000000,279000000,16728000000,-16171000000,-17345000000,0,8822000000,8822000000,None,4645000000,4645000000,None,477000000,None,None,-8345000000,None,-8106000000,24000000,16728000000
104,2022Q2,271.8807741935484,275.55030000000005,267.69469032258064,271.4032258064516,32046976.951612905,2.22,2.19,0.03,1.3699,post-market,USD,35436000000,51406000000,25283000000,16429000000,20534000000,8053000000,6849000000,15703000000,552000000,-496000000,552000000,496000000,51902000000,-23000000,None,801000000,20487000000,3747000000,496000000,16740000000,14538000000,20983000000,21784000000,16740000000,USD,364840000000,169684000000,13931000000,104757000000,3742000000,45261000000,198956000000,74398000000,59660000000,78822000000,11298000000,67524000000,95583000000,6891000000,90826000000,16924000000,21897000000,198298000000,95082000000,19000000000,96816000000,2749000000,2749000000,103216000000,11489000000,49781000000,2749000000,47032000000,49781000000,13067000000,15526000000,166542000000,None,84281000000,86939000000,7464000000,USD,24629000000,744000000,None,17713000000,16240000000,13401000000,6871000000,12634000000,461000000,16740000000,-9729000000,-13269000000,0,8757000000,8757000000,None,4632000000,4632000000,None,461000000,None,None,-8296000000,None,1574000000,None,16740000000
105,2022Q3,264.181396875,266.9483171875,261.0120015625,264.049375,24802530.234375,2.23,2.29,-0.06,-2.6201,post-market,USD,34670000000,49636000000,22798000000,15452000000,21518000000,6524000000,6628000000,13974000000,641000000,-500000000,641000000,500000000,50136000000,-31000000,None,822000000,21572000000,4016000000,500000000,17556000000,14891000000,22072000000,22894000000,17556000000,USD,359784000000,160812000000,22884000000,107262000000,4268000000,32015000000,202772000000,77037000000,60638000000,78267000000,10808000000,67459000000,99146000000,6839000000,84378000000,18003000000,23482000000,186218000000,87389000000,16609000000,87778000000,3248000000,3248000000,98829000000,11660000000,48622000000,3248000000,45374000000,48622000000,12058000000,15311000000,173566000000,None,92374000000,88535000000,7457000000,USD,23198000000,767000000,None,-8315000000,-10188000000,822000000,6283000000,-11729000000,543000000,17556000000,-3132000000,-10883000000,0,5573000000,5573000000,None,4621000000,4621000000,None,575000000,None,None,-4998000000,None,9183000000,None,17556000000
106,2022Q4,239.59042857142856,243.01569365079365,236.59467301587304,239.98555555555555,29810499.873015873,2.35,2.3,0.05,2.1739,post-market,USD,35259000000,52032000000,27393000000,17488000000,20399000000,8016000000,6844000000,16749000000,700000000,-490000000,700000000,490000000,52522000000,-38000000,None,1089000000,20339000000,3914000000,490000000,16425000000,17311000000,20829000000,21918000000,16425000000,USD,364552000000,157823000000,15646000000,99508000000,2980000000,36378000000,210929000000,82755000000,63459000000,78259000000,10354000000,67905000000,91155000000,7097000000,83862000000,19502000000,24994000000,181416000000,81718000000,15354000000,79252000000,3997000000,3997000000,99698000000,11998000000,48116000000,3997000000,44119000000,48116000000,12802000000,16479000000,183136000000,None,99368000000,90225000000,7447000000,USD,11173000000,764000000,None,-8031000000,2316000000,1089000000,6274000000,3164000000,-1305000000,16425000000,-7150000000,-11349000000,0,5459000000,5459000000,None,5066000000,5066000000,None,243000000,None,None,-5216000000,None,-7326000000,None,16425000000
107,2023Q1,254.59829032258062,257.80834032258065,251.9208306451613,255.07983870967743,32733239.06451613,2.32,2.29,0.03,1.31,post-market,USD,36729000000,52405000000,24481000000,16128000000,22352000000,7393000000,6984000000,15337000000,748000000,-496000000,748000000,496000000,52901000000,-93000000,None,960000000,22673000000,4374000000,496000000,18299000000,19112000000,23169000000,24129000000,18299000000,USD,380088000000,163889000000,26562000000,104427000000,2877000000,38137000000,220499000000,88132000000,65998000000,77819000000,9879000000,67940000000,95186000000,9415000000,77865000000,19165000000,26954000000,185405000000,85691000000,15305000000,79202000000,6245000000,6245000000,99714000000,12312000000,48210000000,6245000000,41965000000,48210000000,12664000000,17437000000,194683000000,None,108234000000,92093000000,7437000000,USD,24441000000,822000000,None,2547000000,704000000,960000000,6607000000,1408000000,-106000000,18299000000,-3264000000,-10290000000,0,5509000000,5509000000,None,5059000000,5059000000,None,536000000,None,None,-4973000000,None,10887000000,None,18299000000
108,2023Q2,312.82032258064515,315.96955322580646,310.2996935483871,313.408064516129,27412236.870967742,2.45,2.23,0.22,9.8655,post-market,USD,39394000000,55659000000,26154000000,16795000000,24254000000,8401000000,6739000000,16098000000,905000000,-482000000,905000000,482000000,56141000000,-61000000,None,958000000,24727000000,4646000000,482000000,20081000000,19382000000,25209000000,26167000000,20081000000,USD,411976000000,184257000000,34704000000,111262000000,2500000000,48688000000,232219000000,95641000000,68251000000,77252000000,9366000000,67886000000,95599000000,9879000000,76558000000,21807000000,30601000000,205753000000,104149000000,18095000000,107626000000,5247000000,0,101604000000,12728000000,47237000000,5247000000,41990000000,47237000000,14745000000,17981000000,206223000000,None,118848000000,93718000000,7432000000,USD,28770000000,854000000,None,19080000000,14837000000,11958000000,8943000000,11244000000,-374000000,20081000000,-9134000000,-11413000000,0,5704000000,5704000000,None,5054000000,5054000000,None,512000000,None,None,-5192000000,None,None,None,20081000000
109,2023Q3,331.0485079365079,333.9679650793651,327.5689428571428,330.4428571428572,24815787.396825396,2.69,2.55,0.14,5.4902,post-market,USD,40215000000,56029000000,23979000000,16302000000,26895000000,6661000000,6659000000,14336000000,1166000000,-525000000,1166000000,525000000,56554000000,-137000000,None,1016000000,27284000000,4993000000,525000000,22291000000,21697000000,27809000000,28825000000,22291000000,USD,445785000000,207586000000,80452000000,143951000000,3000000000,36953000000,242699000000,102502000000,69486000000,76685000000,8895000000,67790000000,68750000000,11423000000,63499000000,23682000000,32154000000,225071000000,124792000000,19307000000,98376000000,29556000000,25808000000,100279000000,13487000000,45694000000,3748000000,41946000000,71502000000,14475000000,18634000000,220714000000,None,132143000000,95508000000,7431000000,USD,30583000000,944000000,None,-5302000000,-7720000000,1016000000,9917000000,-11034000000,505000000,22291000000,503000000,14761000000,18692000000,4831000000,4831000000,None,5051000000,5051000000,None,685000000,None,None,-4146000000,None,None,None,22291000000
110,2023Q4,355.38650793650794,358.38787460317457,352.5150111111111,355.9300793650794,25826091.873015873,2.99,2.65,0.34,12.8302,post-market,USD,42397000000,60849000000,29554000000,19623000000,27032000000,8223000000,7142000000,17073000000,734000000,-909000000,734000000,909000000,61758000000,-169000000,None,1708000000,26526000000,4656000000,909000000,21870000000,23858000000,27435000000,29143000000,21870000000,USD,470558000000,147393000000,17305000000,81017000000,1615000000,42831000000,327965000000,112308000000,72949000000,148827000000,29896000000,118931000000,71482000000,13367000000,63712000000,21930000000,32265000000,232290000000,121016000000,17695000000,92068000000,29291000000,27041000000,111274000000,14155000000,47178000000,2250000000,44928000000,74219000000,16362000000,20787000000,238268000000,None,145737000000,97480000000,7432000000,USD,18853000000,971000000,None,-8121000000,2179000000,1708000000,9735000000,2951000000,-1474000000,21870000000,-71925000000,-10147000000,-8490000000,4000000000,4000000000,None,5574000000,5574000000,None,261000000,None,None,-3739000000,None,None,None,21870000000
111,2024Q1,404.5904918032787,407.5805377049181,401.3738278688525,404.8216393442623,22873458.573770493,2.93,2.78,0.15,5.3957,post-market,USD,43353000000,60911000000,28477000000,18505000000,27581000000,8119000000,7653000000,17625000000,619000000,-800000000,619000000,800000000,61711000000,-486000000,None,1853000000,26727000000,4788000000,800000000,21939000000,21453000000,27527000000,29380000000,21939000000,USD,484275000000,147180000000,19634000000,80021000000,1304000000,44029000000,341895000000,121375000000,74945000000,147991000000,28828000000,119163000000,69791000000,14807000000,60387000000,21826000000,35551000000,231123000000,118525000000,18087000000,89666000000,22749000000,20500000000,112598000000,14469000000,44907000000,2249000000,42658000000,65407000000,18023000000,23271000000,253152000000,None,159394000000,99193000000,7433000000,USD,31917000000,1026000000,None,5476000000,2954000000,1853000000,10952000000,2028000000,-260000000,21939000000,-10700000000,-18808000000,-3810000000,4213000000,4213000000,None,5572000000,5572000000,None,522000000,None,None,-3691000000,None,None,None,21939000000
