,Quarter,1. open,2. high,3. low,4. close,5. volume,reportedEPS,estimatedEPS,surprise,surprisePercentage,reportedCurrency_x,grossProfit,totalRevenue,costOfRevenue,costofGoodsAndServicesSold,operatingIncome,sellingGeneralAndAdministrative,researchAndDevelopment,operatingExpenses,investmentIncomeNet,netInterestIncome,interestIncome,interestExpense,nonInterestIncome,otherNonOperatingIncome,depreciation,depreciationAndAmortization,incomeBeforeTax,incomeTaxExpense,interestAndDebtExpense,netIncomeFromContinuingOperations,comprehensiveIncomeNetOfTax,ebit,ebitda,netIncome_x,reportedCurrency_y,totalAssets,totalCurrentAssets,cashAndCashEquivalentsAtCarryingValue,cashAndShortTermInvestments,inventory,currentNetReceivables,totalNonCurrentAssets,propertyPlantEquipment,accumulatedDepreciationAmortizationPPE,intangibleAssets,intangibleAssetsExcludingGoodwill,goodwill,investments,longTermInvestments,shortTermInvestments,otherCurrentAssets,otherNonCurrentAssets,totalLiabilities,totalCurrentLiabilities,currentAccountsPayable,deferredRevenue,currentDebt,shortTermDebt,totalNonCurrentLiabilities,capitalLeaseObligations,longTermDebt,currentLongTermDebt,longTermDebtNoncurrent,shortLongTermDebtTotal,otherCurrentLiabilities,otherNonCurrentLiabilities,totalShareholderEquity,treasuryStock,retainedEarnings,commonStock,commonStockSharesOutstanding,reportedCurrency,operatingCashflow,paymentsForOperatingActivities,proceedsFromOperatingActivities,changeInOperatingLiabilities,changeInOperatingAssets,depreciationDepletionAndAmortization,capitalExpenditures,changeInReceivables,changeInInventory,profitLoss,cashflowFromInvestment,cashflowFromFinancing,proceedsFromRepaymentsOfShortTermDebt,paymentsForRepurchaseOfCommonStock,paymentsForRepurchaseOfEquity,paymentsForRepurchaseOfPreferredStock,dividendPayout,dividendPayoutCommonStock,dividendPayoutPreferredStock,proceedsFromIssuanceOfCommonStock,proceedsFromIssuanceOfLongTermDebtAndCapitalSecuritiesNet,proceedsFromIssuanceOfPreferredStock,proceedsFromRepurchaseOfEquity,proceedsFromSaleOfTreasuryStock,changeInCashAndCashEquivalents,changeInExchangeRate,netIncome_y
51,2011Q2,138.91031746031746,141.57578095238094,137.08152222222222,139.44111111111113,124131.74603174604,0.1,0.39,-0.29,-74.359,USD,103608000,138151000,34543000,34543000,3473000,83261000,16874000,100135000,39000,None,None,None,None,-316000,None,4233000,3196000,311000,None,2885000,2761000,3473000,8022000,2885000,USD,403092000,305277000,193025000,193495000,None,70974000,86984000,78931000,None,10831000,10831000,None,None,None,470000,41278000,None,246596000,192226000,None,None,None,None,54370000,None,None,None,None,None,89903000,43816000,156496000,475184000,174439000,17000,10709000,USD,3258000,None,None,None,None,4233000,16136000,None,None,2885000,-14230000,66000,None,None,None,None,None,None,None,None,None,None,None,None,-10118000,788000,2885000
52,2011Q3,134.41140625,137.5153203125,130.9463546875,133.87546875,204735.9375,0.26,0.57,-0.31,-54.386,USD,105040000,141704000,36664000,36664000,1537000,83069000,20434000,103503000,18000,None,None,None,None,969000,None,5054000,5895000,974000,None,4921000,4794000,1537000,-2803000,4921000,USD,415194000,310393000,186300000,186713000,None,77084000,95613000,87497000,None,9188000,9188000,None,None,None,413000,47009000,None,251216000,193452000,None,None,None,None,57764000,None,None,None,None,None,96000000,42992000,163978000,475184000,179360000,17000,10729000,USD,910000,1937000,None,133000,8843000,5054000,10322000,8760000,None,4921000,-7420000,2590000,None,None,None,None,None,None,None,None,None,None,653000,None,-6725000,-2805000,4921000
53,2011Q4,120.70190476190477,123.26058571428571,117.82922222222223,120.63380952380953,171903.17460317462,0.19,0.42,-0.23,-54.7619,USD,122614000,160266000,26330000,37652000,14778000,91348000,17557000,94176000,60000,None,None,None,None,742000,None,5621000,11713000,2713000,None,9000000,8632000,14778000,13909000,9000000,USD,453851000,343205000,199634000,199923000,None,94723000,103615000,95311000,48746000,7031000,7031000,None,None,None,289000,48848000,None,284873000,218393000,None,None,None,None,66480000,None,None,None,None,None,115194000,45141000,168978000,475184000,188360000,17000,10767000,USD,28438000,-3759000,None,14803000,17375000,5621000,11532000,19530000,17239000,122614000,-10032000,-3535000,None,None,None,None,None,None,None,None,None,None,256000,None,13334000,-1537000,9000000
54,2012Q1,124.46274193548388,126.93345161290323,122.71224193548386,124.77387096774194,191320.96774193548,0.81,0.95,-0.14,-14.7368,USD,102604000,138334000,35730000,38989000,1624000,81903000,22174000,100980000,15000,None,None,None,None,-124000,None,6428000,726000,454000,None,272000,579000,1624000,7046000,272000,USD,448453000,332816000,211132000,211469000,None,76854000,110587000,102238000,None,5050000,5050000,None,None,None,337000,44830000,None,277916000,218411000,None,None,None,None,59505000,None,None,None,None,None,98086000,43035000,170537000,475184000,188632000,17000,10806000,USD,20774000,0,None,14592000,-18732000,6428000,13452000,-17900000,-16867000,272000,-11666000,980000,None,None,None,None,None,None,None,None,None,None,980000,None,11498000,1410000,272000
55,2012Q2,135.0631746031746,137.0678396825397,133.0562095238095,134.98539682539683,167469.84126984127,0.02,0.04,-0.02,-50,USD,101264000,135324000,34060000,36636000,10487000,75056000,19017000,90777000,35000,None,None,None,None,1000000,None,5384000,10867000,3596000,None,7271000,6735000,10487000,13862000,7271000,USD,434317000,314896000,195540000,195787000,None,78893000,107265000,102227000,None,9425000,9425000,None,None,None,247000,40463000,None,255078000,193816000,None,None,None,None,61262000,None,None,None,None,None,88293000,44329000,179239000,475184000,195903000,17000,10875000,USD,-925000,0,None,-19087000,11121000,5384000,10490000,5829000,None,7271000,-14078000,1967000,None,None,None,None,None,None,None,None,None,None,1967000,None,-15592000,-2556000,7271000
56,2012Q3,124.77619047619046,126.8288873015873,123.22336507936508,124.90222222222222,128907.93650793651,0.65,0.46,0.19,41.3043,USD,101233000,136080000,34847000,37485000,7302000,75567000,21920000,93931000,41000,None,None,None,None,-112000,None,5890000,6860000,2097000,None,4763000,5169000,7302000,12716000,4763000,USD,455940000,335497000,216609000,216837000,None,75474000,106482000,101675000,None,11713000,11713000,None,None,None,228000,43414000,None,265523000,205135000,None,None,None,None,60388000,None,None,None,None,None,102752000,44400000,190417000,475184000,200666000,17000,11050000,USD,21338000,0,None,2800000,-4629000,5890000,4069000,-2483000,None,4763000,-7135000,5754000,None,None,None,None,None,None,None,None,None,None,6010000,None,21069000,1112000,4763000
57,2012Q4,101.48258064516129,102.65660806451613,99.85760967741936,101.15875,152985.48387096773,0.43,0.84,-0.41,-48.8095,USD,119547000,155986000,36439000,39682000,13686000,84570000,25079000,105861000,50000,None,None,None,None,-1799000,None,6817000,11827000,3587000,None,124771000,8600000,13686000,13493000,8240000,USD,477938000,362043000,224393000,224429000,None,93758000,105773000,96751000,60320000,10360000,10360000,None,None,None,36000,39990000,None,277627000,219155000,None,None,None,None,58571000,None,2119000,None,None,None,74676000,43418000,200311000,475184000,208906000,17000,11247000,USD,8697000,31000,None,-1473000,15672000,6817000,3105000,17992000,4447000,124771000,-2954000,1058000,None,None,None,None,None,None,None,None,None,None,1293000,None,7784000,983000,8240000
58,2013Q1,101.43616666666667,102.913865,100.00512499999999,101.45386333333333,104190.0,0.73,0.96,-0.23,-23.9583,USD,94282000,130183000,35901000,35901000,-8661000,77126000,25817000,102943000,61000,None,None,None,None,1708000,None,6456000,49890000,-1701000,None,-5191000,50604000,-8661000,-2205000,51591000,USD,546129000,431404000,330195000,330395000,None,69486000,101639000,96694000,None,9007000,9007000,None,None,None,200000,31723000,None,271296000,216624000,None,None,None,None,54672000,None,None,None,None,None,52124000,41631000,274833000,475184000,260497000,17000,11295000,USD,-10159000,23579000,None,17564000,-17360000,6456000,5497000,-16941000,-1120000,14434000,94012000,23775000,None,None,None,None,None,None,None,None,None,None,339000,None,105802000,-1826000,51591000
59,2013Q2,93.5334375,94.600684375,92.258790625,93.53359375,113782.8125,-0.46,0.35,-0.81,-231.4286,USD,101459000,137905000,36446000,36446000,-2048000,79280000,24227000,103507000,322000,None,None,None,5000,-419000,None,6655000,-2145000,-592000,None,-1553000,-1381000,-2048000,4607000,-1553000,USD,536117000,422243000,188688000,317775000,None,73397000,100289000,93153000,None,9389000,9389000,None,None,None,129087000,31071000,None,262661000,209227000,None,None,None,None,53434000,None,None,None,None,None,58686000,42022000,273456000,475184000,258944000,17000,11301000,USD,-6455000,1000,None,-13585000,4954000,6646000,3424000,6249000,-632000,-1553000,-134660000,-178000,None,None,None,None,None,None,None,None,None,None,2000,None,-141507000,-214000,-1553000
60,2013Q3,97.217234375,98.4065546875,96.0893875,97.36140625,60160.9375,-0.14,0.33,-0.47,-142.4242,USD,108666000,141919000,33253000,33253000,11626000,75063000,21977000,97040000,80000,None,None,None,-42000,-3213000,None,6509000,8493000,-8653000,None,17146000,18182000,11626000,11626000,17146000,USD,552677000,441646000,163777000,343948000,None,62869000,96047000,89165000,None,11896000,11896000,None,None,None,180171000,34829000,None,260595000,219435000,None,None,None,None,41160000,None,None,None,None,None,64786000,26602000,292082000,475184000,276090000,17000,11301000,USD,31203000,0,None,3130000,-10071000,6482000,1098000,-11697000,-263000,17146000,-55861000,-1713000,None,None,None,None,None,None,None,None,None,None,0,None,-24911000,1460000,17146000
61,2013Q4,117.4545328125,119.3856359375,115.5490296875,117.74578125000001,105700.0,1.52,0.22,1.3,590.9091,USD,132912000,165881000,32969000,32969000,18523000,88354000,26035000,114389000,34000,None,None,None,-41000,-1262000,None,6779000,17295000,1147000,None,16148000,16611000,18523000,25302000,16148000,USD,585514000,479948000,220171000,357369000,None,86181000,92067000,85445000,79341000,10295000,10295000,None,None,None,137198000,36398000,None,275188000,233519000,None,None,None,None,41669000,None,1619000,None,None,None,79917000,25511000,310326000,475184000,292238000,17000,11303000,USD,15345000,78000,None,-1358000,22366000,6815000,1024000,21713000,-684000,16148000,41579000,-247000,None,None,None,None,None,None,None,None,None,None,0,None,56394000,-283000,16148000
62,2014Q1,125.13570327868852,126.86723770491803,123.3481393442623,124.88032786885246,76811.47540983607,1.43,1.1,0.33,30,USD,104895000,137904000,33009000,33009000,-8347000,85180000,28062000,113242000,None,None,None,48000,-81000,-1118000,None,6702000,-9417000,-2935000,None,-6482000,-6270000,-8347000,-1645000,-6482000,USD,568564000,462362000,214751000,365831000,None,67742000,88243000,82013000,None,8671000,8671000,None,None,None,151080000,28789000,None,262909000,228722000,None,None,None,None,34187000,None,None,None,None,None,52630000,23469000,305655000,475184000,285756000,17000,11301000,USD,10780000,0,None,21899000,-16673000,6702000,1676000,-16563000,-343000,-6482000,-16061000,-256000,None,None,None,None,None,None,None,None,None,None,0,None,-5420000,117000,-6482000
63,2014Q2,127.27552380952382,129.42850634920634,125.01627619047619,127.60380952380952,110087.30158730158,-0.57,0.1,-0.67,-670,USD,106240000,141853000,35613000,35613000,-12726000,86218000,32748000,118966000,None,None,None,32000,-47000,-474000,None,6558000,-13168000,-2831000,None,-10337000,-10613000,-12726000,-6168000,-10337000,USD,568358000,466486000,111859000,367539000,None,57525000,90305000,85023000,None,7376000,7376000,None,None,None,255680000,41422000,None,270233000,230857000,None,None,None,None,39376000,None,None,None,None,None,58198000,26299000,298125000,475184000,275419000,17000,11301000,USD,3590000,0,None,-2725000,-5782000,6558000,2508000,-9880000,-1184000,-10337000,-106616000,-85000,None,None,None,None,None,None,None,None,None,None,0,None,-102892000,219000,-10337000
64,2014Q3,139.35956875,140.86769375,137.624228125,139.08296875,62387.28125,-0.91,-0.08,-0.83,-1037.5,USD,116249000,151202000,34953000,34953000,-6994000,83006000,28659000,123243000,None,None,None,53000,1012000,4928000,None,6045000,-2013000,-1168000,None,-845000,-2944000,-6994000,22207000,-845000,USD,559733000,464257000,136006000,354602000,None,57514000,86193000,81542000,None,8458000,8458000,None,None,None,218596000,52141000,None,260673000,222524000,None,132186000,None,None,38149000,None,None,None,None,None,67216000,23208000,299060000,475184000,274574000,17000,11301000,USD,1951000,0,None,-1556000,4644000,6045000,7672000,2955000,4536000,-845000,26289000,-1694000,None,None,None,None,None,None,None,None,None,None,0,None,24147000,-2399000,-845000
65,2014Q4,157.69258125,160.4679109375,155.4544421875,158.03515625,94380.25,0.95,-0.18,1.13,627.7778,USD,117236000,148871000,31635000,31635000,33171000,67025000,13886000,84065000,None,None,None,29000,6057000,2449000,None,5990000,35649000,12950000,None,22699000,21330000,33171000,45469000,22699000,USD,558797000,462365000,146919000,345466000,None,78633000,81803000,77852000,93041000,13469000,13469000,None,None,None,198547000,38266000,None,234326000,197300000,None,119231000,None,None,39505000,None,157000,None,None,None,53429000,22679000,324471000,475184000,297273000,18000,11301000,USD,-1721000,74000,None,-16139000,19891000,5990000,544000,23764000,-2364000,22699000,14278000,565000,None,None,None,None,None,None,None,None,None,None,0,None,10913000,-2209000,22699000
66,2015Q1,168.5434426229508,171.01172786885246,165.7525918032787,168.78770491803277,89523.09836065574,1.99,1.04,0.95,91.3462,USD,96773000,123871000,27098000,27098000,22645000,58645000,15398000,74128000,None,None,None,2000,2590000,4750000,None,5103000,27397000,6937000,None,20460000,18316000,22645000,27918000,20460000,USD,581865000,483429000,165094000,391823000,None,58436000,79283000,75732000,None,17691000,17691000,None,None,None,226729000,33170000,None,233546000,197338000,None,142834000,None,None,36208000,None,None,None,None,None,37458000,21614000,348319000,475184000,317733000,18000,11321000,USD,55846000,468000,None,19330000,-16731000,5103000,1535000,-16164000,-1562000,20460000,-35124000,1771000,None,None,None,None,None,None,None,None,None,None,1467000,None,18175000,-4318000,20460000
67,2015Q2,176.26472222222222,178.3962841269841,173.6786523809524,176.03515873015874,83027.95238095238,1.79,0.96,0.83,86.4583,USD,107028000,132940000,25912000,25912000,34752000,57322000,14864000,72276000,None,None,None,11000,None,-2915000,None,5213000,31848000,9381000,None,22467000,23545000,34752000,40145000,22467000,USD,611138000,513449000,201146000,427895000,None,56038000,75884000,72368000,None,20303000,20303000,None,None,None,226749000,29516000,None,230447000,188217000,None,130082000,None,None,42230000,None,None,None,None,None,43862000,20855000,380691000,475184000,340200000,18000,11349000,USD,22467000,495000,None,-17853000,-4591000,5213000,1719000,-3494000,-298000,22467000,-5885000,4415000,None,None,None,None,None,None,None,None,None,None,3972000,None,36052000,1335000,22467000
68,2015Q3,198.2254703125,201.042678125,195.432909375,198.231796875,107295.1875,1.95,1.37,0.58,42.3358,USD,104852000,129536000,24684000,24684000,30731000,56246000,17789000,74121000,None,None,None,116000,None,766000,None,5856000,31613000,7720000,None,23893000,23555000,30731000,36759000,23893000,USD,627954000,536854000,230188000,456877000,None,55039000,71046000,68862000,None,17807000,17807000,None,None,None,226689000,24938000,None,219442000,181176000,None,125801000,None,None,38266000,None,None,None,None,None,39063000,20166000,408512000,475184000,364093000,18000,11365000,USD,23893000,0,None,388000,-3128000,5856000,98000,147000,2444000,23893000,139000,-1214000,None,None,None,None,None,None,None,None,None,None,0,None,29042000,-1293000,23893000
69,2015Q4,181.7228125,184.461684375,178.985221875,181.84078125,130757.375,2.06,1.96,0.1,5.102,USD,120108000,143522000,23414000,23414000,45894000,57041000,17155000,74214000,None,None,None,155000,None,957000,None,5042000,47006000,7895000,None,120108000,37750000,45894000,50972000,39111000,USD,656894000,565314000,292341000,485661000,None,68154000,67736000,65664000,97250000,15855000,15855000,None,None,None,193320000,11499000,None,201613000,172658000,None,109690000,None,None,32535000,None,167000,None,None,None,40123000,19943000,455281000,475184000,403204000,18000,11385000,USD,-106569000,2368000,None,-9083000,13370000,5042000,132000,14508000,547000,120108000,33189000,4206000,None,None,None,None,None,None,None,None,None,None,4090000,None,62153000,-1498000,39111000
70,2016Q1,162.0939,165.09695081967214,158.6075737704918,161.94655737704917,168916.3606557377,3.38,2.19,1.19,54.3379,USD,96192000,119015000,22823000,22823000,19796000,58796000,17575000,76396000,None,None,None,403000,None,-1668000,None,4553000,18531000,4259000,None,14272000,14934000,19796000,24399000,14272000,USD,693178000,608119000,308887000,536297000,None,56558000,65331000,63228000,None,13902000,13902000,None,None,None,227410000,15264000,None,225330000,195879000,None,141620000,None,None,29451000,None,None,None,None,None,36606000,19252000,467848000,475184000,417476000,18000,11408000,USD,50827000,1266000,None,26260000,-8368000,4553000,193000,-11915000,-4259000,14272000,-34166000,-2354000,None,None,None,None,None,None,None,None,None,None,241000,None,16546000,2239000,14272000
71,2016Q2,183.883515625,186.5938734375,181.3025453125,184.13859375,141108.171875,1.24,1.9,-0.66,-34.7368,USD,99041000,123142000,24101000,24101000,21079000,58794000,19160000,77962000,None,None,None,539000,None,1755000,None,4279000,23373000,4489000,None,18884000,17392000,21079000,25374000,18884000,USD,709629000,621030000,347389000,550086000,None,54887000,67578000,61501000,None,11949000,11949000,None,None,None,202697000,16057000,None,219984000,189121000,None,132534000,None,None,30863000,None,None,None,None,None,40435000,19476000,489645000,475184000,436360000,18000,11428000,USD,18884000,-58000,None,-10756000,1017000,4279000,742000,-961000,-2757000,18884000,24224000,-240000,None,None,None,None,None,None,None,None,None,None,916000,None,38502000,-1203000,18884000
72,2016Q3,172.11,173.87157812499998,170.002240625,172.0565625,128897.34375,1.64,2.1,-0.46,-21.9048,USD,106961000,129896000,22935000,22935000,30008000,58872000,18069000,76953000,None,None,None,507000,None,-473000,None,4257000,30042000,3414000,None,26628000,26907000,30008000,34289000,26628000,USD,735509000,649117000,365555000,578902000,None,58052000,65292000,59668000,None,9997000,9997000,None,None,None,213347000,12163000,None,215608000,183109000,None,130777000,None,None,32499000,None,None,None,None,None,41419000,17221000,519901000,475184000,462988000,18000,11431000,USD,26628000,0,None,-3081000,2930000,4257000,625000,3893000,110000,26628000,-10954000,1054000,None,None,None,None,None,None,None,None,None,None,0,None,18166000,578000,26628000
73,2016Q4,189.2777761904762,191.5142873015873,186.6360015873016,189.10857142857142,124353.42857142857,2.31,1.8,0.51,28.3333,USD,116820000,140108000,23288000,23288000,38629000,61740000,18338000,79619000,None,None,None,754000,None,3604000,None,4106000,41656000,10532000,None,116820000,29485000,38629000,36742000,31124000,USD,768319000,684987000,401975000,589383000,None,83319000,63131000,57436000,100354000,8497000,8497000,None,None,None,187408000,12285000,None,216142000,185486000,None,119450000,None,None,34192000,None,1101000,None,None,None,43323000,16447000,566317000,475184000,494112000,18000,11434000,USD,-77149000,141000,None,2673000,26238000,6855000,777000,25861000,-1156000,32455000,25240000,536000,None,None,None,None,None,None,None,None,None,None,506000,None,36420000,-5774000,31124000
74,2017Q1,193.69250161290324,195.6131435483871,191.47984516129034,193.7964516129032,67378.48387096774,2.69,2.5,0.19,7.6,USD,99100000,122232000,23132000,23132000,20835000,59667000,18426000,78265000,None,None,None,837000,122232000,-1856000,None,3818000,19816000,4259000,None,14867000,16575000,20835000,23169000,15557000,USD,786536000,704455000,358676000,618492000,None,73394000,61450000,55811000,None,6998000,6998000,None,None,None,259816000,12569000,None,214500000,185952000,None,144681000,None,None,32148000,None,None,None,None,None,33111000,15614000,572036000,475184000,508979000,18000,11439000,USD,26037000,0,None,6683000,-9601000,4491000,820000,-9584000,-816000,14434000,-73101000,1089000,None,None,None,None,None,None,None,None,None,None,1095000,None,-9219000,None,15557000
75,2017Q2,185.6335761904762,187.73835714285713,183.60646031746032,185.6863492063492,80174.84126984127,1.28,1.47,-0.19,-12.9252,USD,94845000,119220000,24375000,24375000,14076000,61001000,19561000,80769000,None,None,None,1163000,119220000,-2618000,None,3315000,12621000,2668000,None,11076000,12210000,14076000,18988000,9953000,USD,797098000,715184000,379694000,632395000,None,68005000,60545000,54490000,None,5498000,5498000,None,None,None,252701000,14784000,None,207411000,181594000,None,133779000,None,None,29417000,None,None,None,None,None,34811000,14810000,589687000,475184000,520055000,18000,11444000,USD,-25680000,0,None,-12730000,-5459000,4049000,647000,-6449000,-1804000,10643000,6892000,576000,None,None,None,None,None,None,None,None,None,None,582000,None,11076000,None,9953000
76,2017Q3,146.12984126984128,147.6833746031746,143.98316984126984,145.40015873015872,121415.77777777778,0.96,1.55,-0.59,-38.0645,USD,101621000,126010000,24389000,24389000,21174000,60888000,19360000,80447000,None,None,None,1449000,126010000,-1903000,None,2705000,20720000,2536000,None,17924000,19304000,21174000,23280000,18184000,USD,813652000,730854000,386855000,646104000,None,66337000,60811000,53712000,None,3999000,3999000,None,None,None,259249000,18413000,None,201313000,176827000,None,125187000,None,None,28786000,None,None,None,None,None,36039000,14560000,612339000,475184000,537979000,18000,11447000,USD,12170000,0,None,-9169000,1490000,3469000,815000,-2771000,-4518000,18184000,-6819000,-5000,None,None,None,None,None,None,None,None,None,None,0,None,17924000,None,18184000
77,2017Q4,134.27447936507937,135.58942063492063,132.79732539682539,134.24079365079365,93409.58730158731,1.56,1,0.56,56,USD,111628000,138145000,24753000,24753000,17137000,73217000,21419000,94491000,None,None,None,1756000,136381000,-576000,None,2734000,18317000,43816000,None,109692000,-24624000,17137000,18756000,-25499000,USD,933219000,860653000,420244000,675171000,None,69500000,56227000,53359000,101380000,2499000,2499000,None,None,None,254927000,18940000,None,327493000,270943000,None,122830000,None,None,64345000,None,None,None,None,None,41498000,50146000,605726000,475184000,526633000,18000,11447000,USD,29039000,0,None,38431000,-480000,3523000,1700000,3456000,39757000,-25499000,3298000,-4000,None,None,None,None,None,None,None,None,None,None,0,None,109692000,None,-25499000
78,2018Q1,134.57959016393443,136.23457049180328,132.6463868852459,134.57147540983607,90489.81967213115,1.55,1.37,0.18,13.1387,USD,97782000,122967000,25185000,25185000,715000,73507000,23560000,97067000,None,None,None,2034000,122967000,-1594000,None,3298000,1155000,-518000,None,1673000,3113000,715000,4013000,1673000,USD,949909000,876480000,152155000,695467000,None,147332000,53414000,53414000,None,1000000,1000000,None,None,None,543312000,33681000,None,336327000,261749000,None,207386000,None,None,78678000,None,None,None,None,None,34343000,68906000,613582000,475184000,528306000,18000,11447000,USD,18717000,None,None,22718000,3133000,3298000,1294000,-422000,5609000,1673000,-288914000,-7000,None,0,0,None,None,0,None,None,None,None,0,None,-243567000,None,1673000
79,2018Q2,130.268828125,131.8856203125,128.7179171875,130.25734375,76625.0625,0.15,0.38,-0.23,-60.5263,USD,95562000,120602000,25040000,25040000,-1797000,72277000,25082000,97359000,None,None,None,3223000,120602000,4461000,None,572000,5887000,1059000,None,4828000,936000,-1797000,-1225000,4828000,USD,927327000,853536000,90427000,699594000,None,125115000,51918000,51918000,None,None,None,None,None,None,609167000,28827000,None,306968000,236645000,None,None,None,None,68607000,None,None,None,None,None,38617000,64503000,620359000,475184000,533134000,18000,11459000,USD,4610000,None,None,-25713000,-8286000,572000,1350000,-4622000,-720000,4828000,-64426000,2469000,None,0,0,None,None,0,None,None,None,None,0,None,4828000,None,4828000
80,2018Q3,140.2002380952381,141.8408142857143,138.7360968253968,140.45158730158732,76323.33333333333,0.42,0.15,0.27,180,USD,98763000,122152000,23389000,23389000,7220000,65714000,25829000,91543000,None,None,None,3441000,122152000,798000,None,-387000,11459000,-1240000,None,12699000,12092000,7220000,7220000,12699000,USD,913504000,838466000,112082000,699175000,None,110761000,51861000,51861000,None,None,None,None,None,None,587093000,28530000,None,278081000,211864000,None,None,None,None,70717000,None,None,None,None,None,37819000,61290000,635423000,475184000,545833000,18000,11467000,USD,-79000,None,None,-1294000,-2116000,-387000,1813000,-4256000,-5393000,12699000,23335000,0,None,0,0,None,None,0,None,None,None,None,0,None,12699000,None,12699000
81,2018Q4,126.84190476190476,128.57257619047618,125.22230793650793,126.6352380952381,119502.38095238095,0.83,0.61,0.22,36.0656,USD,106032000,131917000,25885000,25885000,-2157000,80161000,28028000,108189000,None,None,None,3157000,131917000,981000,None,218000,1982000,-1319000,None,106032000,1802000,-2157000,-2157000,3301000,USD,855768000,778399000,109924000,576110000,None,171359000,51919000,51919000,103744000,None,None,None,None,None,466186000,30930000,None,326037000,258269000,None,183009000,None,None,72532000,None,None,None,None,None,48045000,61262000,529731000,586161000,549134000,18000,11126000,USD,-12621000,None,None,-8710000,23388000,218000,2389000,17657000,-1509000,3301000,120941000,-110977000,None,110977000,110977000,None,None,None,None,None,None,None,-110977000,None,106032000,None,3301000
82,2019Q1,138.01180327868852,139.87873606557378,136.45951475409836,138.44540983606558,118155.70491803279,0.3,1.21,-0.91,-75.2066,USD,89193000,115366000,26173000,26173000,-10386000,71364000,28215000,99579000,None,2566000,2566000,2566000,115366000,-596000,None,3664000,-8416000,-510000,None,-7906000,-7653000,-10386000,-6722000,-7906000,USD,888344000,718412000,258743000,551057000,None,133922000,54832000,54832000,None,None,None,None,None,None,292314000,33433000,None,410038000,264010000,None,None,None,37227000,44367000,106661000,106661000,9102000,None,106661000,-514000,34793000,478306000,634405000,541228000,18000,10328000,USD,26456000,None,None,35714000,-7062000,1657000,6011000,-10266000,-4958000,-7906000,170293000,-46737000,None,48244000,48244000,None,None,0,None,None,None,None,-46737000,None,150012000,None,-7906000
83,2019Q2,141.1042857142857,143.00259047619045,139.49927777777776,141.1815873015873,107207.03174603175,-0.77,0.08,-0.85,-1062.5,USD,92387000,117737000,25350000,25350000,-4830000,69453000,27764000,97217000,None,3013000,3013000,3013000,117737000,29431000,None,4023000,27614000,7220000,None,20394000,21048000,-4830000,-807000,20394000,USD,899720000,727288000,261497000,574846000,None,129144000,54285000,54285000,None,None,None,None,None,None,313349000,23298000,None,397031000,250647000,None,None,None,32300000,43301000,108183000,None,None,None,108183000,9261000,33990000,502689000,634405000,561622000,18000,10240000,USD,22746000,None,None,-11130000,-6108000,1966000,2421000,4281000,7318000,20394000,-21370000,329000,None,0,0,None,None,0,None,None,None,None,329000,None,20394000,None,20394000
84,2019Q3,136.98671875,138.8599203125,135.1534546875,137.03109375,119605.703125,-0.14,0.1,-0.24,-240,USD,95878000,119693000,23815000,23815000,4586000,63835000,27457000,91292000,None,2941000,2941000,2941000,119693000,1882000,None,3856000,9409000,-291000,None,9700000,7336000,4586000,8442000,9700000,USD,888716000,721754000,375071000,578289000,None,118002000,138987000,51993000,None,None,None,None,None,None,203218000,25463000,None,373297000,230699000,None,164731000,9312000,28626000,146364000,105291000,None,9312000,None,105291000,13203000,32786000,515419000,634405000,571322000,18000,10251000,USD,3121000,3854000,None,-13264000,-3473000,1833000,950000,-5796000,None,9700000,110565000,3606000,None,0,0,None,None,0,None,None,None,None,3606000,None,5846000,None,9700000
85,2019Q4,149.1396875,150.151590625,147.65034375,148.88,60336.78125,0.94,0.66,0.28,42.4242,USD,108895000,133531000,24636000,24636000,9628000,73280000,25987000,99267000,None,2389000,2389000,2389000,133531000,-2361000,None,5156000,9675000,-2492000,None,108895000,14190000,9628000,9628000,12167000,USD,916571000,753446000,456727000,565646000,None,163516000,135692000,50154000,108747000,None,None,None,None,None,108919000,24284000,None,408012000,269818000,None,191451000,9602000,None,139868000,103424000,None,9602000,None,103424000,48792000,30400000,508559000,658880000,583489000,18000,10205000,USD,8544000,3871000,None,1344000,13139000,3138000,800000,15453000,2898000,12167000,94199000,-23348000,None,24475000,24475000,None,None,None,None,None,None,None,-23348000,None,108895000,None,12167000
86,2020Q1,136.04451612903227,138.2773064516129,133.84481612903227,135.81096774193549,74458.7741935484,1.18,0.81,0.37,45.679,USD,86879000,111424000,24545000,24545000,-72000,60850000,26101000,86951000,None,1855000,1855000,1855000,111424000,434000,None,2756000,2217000,1560000,None,657000,110000,-72000,2684000,657000,USD,849271000,693062000,429276000,539222000,None,124935000,130313000,47623000,None,None,None,None,None,None,109946000,28905000,None,387845000,252637000,None,188551000,None,32539000,137784000,100251000,None,None,None,100251000,67746000,31273000,461426000,709627000,584146000,18000,9976000,USD,29069000,None,None,22781000,-11195000,2756000,661000,-14406000,-4515000,657000,-589000,-50407000,None,50747000,50747000,None,None,0,None,None,None,None,-50407000,None,-21927000,None,657000
87,2020Q2,121.98857142857142,123.61222222222221,119.69420793650794,121.68714285714286,79085.15873015873,0.07,0.19,-0.12,-63.1579,USD,86595000,110584000,23989000,23989000,6328000,54400000,25867000,80267000,None,563000,563000,563000,110584000,-1995000,None,3072000,4896000,1509000,None,3387000,4398000,6328000,9400000,3387000,USD,833046000,672773000,420899000,530871000,None,123794000,145677000,45300000,None,None,None,None,None,None,109972000,18108000,None,374586000,239917000,None,173553000,None,31468000,137369000,98283000,None,None,None,98283000,72274000,30452000,458460000,720755000,587533000,18000,9739000,USD,-2548000,None,None,-24171000,-9529000,3072000,501000,-6616000,None,3387000,-501000,-9566000,None,11128000,11128000,None,None,0,None,None,None,None,-9566000,None,3387000,None,3387000
88,2020Q3,135.37578125,137.45084843749999,133.159521875,135.23484375,108041.6875,0.35,0.4,-0.05,-12.5,USD,105672000,127408000,21736000,21736000,-20271000,55063000,26638000,125943000,None,209000,209000,209000,127408000,-2971000,None,3514000,-23033000,-8804000,None,-14229000,-11942000,-20271000,71727000,-14229000,USD,772905000,218436000,52653000,52653000,None,148512000,539106000,45473000,None,380800000,380800000,None,None,380758000,0,17271000,None,383613000,243690000,None,172502000,None,38668000,142623000,95591000,None,None,None,95591000,82845000,32651000,389292000,782104000,573304000,18000,9616000,USD,1776000,None,None,-8468000,14069000,3514000,425000000,14583000,None,-14229000,-315114000,-58891000,None,60605000,60605000,None,None,0,None,None,None,None,-58891000,None,-439229000,None,-14229000
89,2020Q4,232.271225,239.8874703125,226.1309265625,233.49515625,417169.21875,3.12,0.39,2.73,700,USD,110534000,131319000,20785000,20785000,390000,58733000,24955000,110144000,None,-1917000,1917000,1917000,131319000,-2506000,None,12200000,-4033000,-6694000,None,84034000,5676000,390000,53302000,2661000,USD,1465612000,272620000,59675000,59675000,None,197461000,1177377000,42975000,118749000,1054302000,1054302000,None,None,1054302000,0,15484000,None,912567000,285618000,None,205912000,None,4955000,631549000,84328000,486366000,None,486366000,486366000,94368000,33382000,553045000,782104000,575965000,18000,9405000,USD,25322000,None,None,3087000,4667000,3990000,700000000,7213000,-3124000,2661000,-700000000,682097000,None,744000,744000,None,None,None,None,None,None,None,46722000,None,84034000,None,2661000
90,2021Q1,710.7710655737704,743.2478163934427,669.0261016393442,706.3802459016393,1019512.9672131147,0.39,1.62,-1.23,-75.9259,USD,100353000,122902000,22549000,22549000,-183152000,59927000,29483000,283505000,None,-2391000,None,2391000,122902000,1264000,None,2782000,-184284000,-74264000,2391000,-110020000,-111856000,-181893000,207820000,-110020000,USD,2443079000,250754000,82544000,82544000,None,150626000,2215398000,41091000,None,1946582000,1946582000,None,None,1946582000,None,17584000,None,2078041000,283620000,None,213497000,None,39816000,1799021000,81849000,1724443000,None,1661914000,1724443000,84640000,34329000,365038000,782104000,466902000,18000,9647000,USD,62703000,None,None,44283000,-3793000,2782000,1086822000,-6774000,-5349000,-110020000,-1086822000,1049258000,None,0,0,None,None,0,None,None,1050000000,None,23854000,None,25139000,None,-110020000
91,2021Q2,588.9882587301588,609.8518126984127,570.369,591.5238095238095,790500.9841269841,1.54,0.54,1,185.1852,USD,102313000,125351000,23038000,23038000,-414247000,63238000,28548000,516560000,None,-586000,None,586000,125351000,-897000,None,3215000,-419545000,-120198000,586000,-299347000,-298950000,-414247000,438516000,-299347000,USD,2624359000,208458000,56399000,56399000,None,131516000,2400145000,39659000,None,2051039000,2051039000,None,None,2051039000,None,20543000,None,2546940000,274998000,None,190080000,None,41236000,2276642000,80900000,2150927000,None,2150927000,2150927000,92180000,31040000,77419000,782104000,167555000,18000,9746000,USD,13972000,None,None,-14344000,-2253000,3215000,529231000,-4423000,None,-299347000,-530126000,488829000,None,0,0,None,None,None,None,None,500000000,None,244000,None,-299347000,None,-299347000
92,2021Q3,644.4951046875,658.7655921875,626.4651359375,641.221875,757211.875,1.72,1,0.72,72,USD,105675000,127994000,22319000,22319000,-49661000,61960000,28211000,155336000,None,-2107000,None,2107000,127994000,1264000,None,2642000,-59120000,-22984000,2107000,-36136000,-37593000,-49661000,83311000,-36136000,USD,2986244000,197622000,56975000,56975000,None,123748000,2773765000,38133000,None,2405739000,2405739000,None,None,None,None,16899000,None,2524930000,253910000,None,168999000,None,45454000,2275320000,78939000,2153034000,None,2153034000,2153034000,93213000,28934000,461314000,782104000,131419000,19000,9999000,USD,13911000,None,None,-6973000,-2301000,2642000,419865000,563000,None,-36136000,-420405000,408082000,None,0,0,None,None,None,None,None,0,None,7282000,None,-36136000,None,-36136000
93,2021Q4,690.5320015625,705.25394375,670.8595953125,687.4321875,494587.296875,1.86,1.25,0.61,48.8,USD,110512000,134515000,24003000,24003000,-137467000,70517000,30875000,247979000,None,-11629000,None,29149000,137015000,656000,None,2719000,-148440000,-58463000,None,-89977000,-90739000,-137467000,155707000,-89977000,USD,3557124000,267965000,63356000,63356000,None,189280000,3273339000,36587000,122630000,2850210000,2850210000,None,None,None,0,15329000,None,2578166000,311985000,None,217949000,None,46084000,2272381000,76608000,2155151000,0,2155151000,2155151000,9957000,26224000,978958000,782104000,41442000,20000,10686000,USD,3247000,None,None,-6129000,7467000,2719000,592353000,8016000,-940000,-89977000,-591882000,595516000,None,0,0,None,None,None,None,596030000,-1050000000,None,9271000,None,6881000,None,-89977000
94,2022Q1,433.6226822580645,448.7959693548387,418.06355161290327,432.84274193548384,523477.1612903226,5.32,1.49,3.83,257.047,USD,93600000,119277000,25677000,25677000,-169960000,59946000,33523000,263560000,None,-2129000,None,2129000,119277000,2225000,None,2691000,-178774000,-48023000,2129000,-130751000,-132760000,-169960000,172913000,-130751000,USD,3638387000,246988000,92677000,92677000,None,126930000,3373218000,35680000,None,2895619000,2895619000,None,None,None,None,27381000,None,2775388000,304875000,None,214453000,None,44388000,2476713000,73956000,2361865000,None,2361865000,2361865000,9882000,26347000,862999000,782104000,-89309000,20000,11289000,USD,43682000,None,None,46829000,456000,2691000,216141000,-8183000,None,-130751000,-216141000,207291000,None,0,0,None,None,None,None,0,204693000,None,288000,None,34832000,None,-130751000
95,2022Q2,292.89177419354843,304.7356822580645,277.77488548387095,289.2196774193548,916386.9032258064,-10.42,1.41,-11.83,-839.0071,USD,96869000,122073000,25204000,25204000,-918123000,65364000,31790000,1014992000,None,-2168000,None,2168000,122073000,5120000,None,2076000,-926190000,136108000,0,-1062298000,-1066411000,-918123000,6911000,-1062298000,USD,2568365000,219682000,69386000,69386000,None,118645000,2330897000,34580000,None,1987781000,1987781000,None,None,None,None,31651000,None,2755433000,274100000,None,196595000,None,35960000,2487533000,72162000,2374863000,None,2374863000,2374863000,14082000,25706000,-187068000,782104000,-1151607000,20000,11300000,USD,-20819000,None,None,-20068000,3918000,2076000,10000000,-1098000,None,-1062298000,-10878000,11196000,None,0,0,None,None,None,None,0,0,None,423000,None,-20501000,None,-1062298000
96,2022Q3,249.497578125,260.1668515625,241.258590625,250.7746875,664418.875,-94.01,-7.27,-86.74,-1193.1224,USD,99975000,125360000,25385000,25385000,6058000,62692000,30498000,93917000,None,-2193000,None,2193000,125360000,4897000,None,2150000,-3118000,23961000,0,-27079000,-31593000,6058000,13832000,-27079000,USD,2545286000,202293000,60390000,60390000,None,109926000,2322001000,33033000,None,1993032000,1993032000,None,None,None,None,31977000,None,2745575000,260520000,None,174688000,None,36846000,2485055000,69278000,2376935000,None,2376935000,2376935000,20894000,30088000,-200289000,782104000,-1178686000,20000,11308000,USD,-1454000,None,None,-10090000,6191000,2150000,5978000,3695000,None,-27079000,-6310000,1564000,None,0,0,None,None,None,None,0,0,None,621000,None,-6200000,None,-27079000
97,2022Q4,204.93920634920636,212.95589206349206,196.69666666666666,204.39,606668.8253968254,-2.39,0.27,-2.66,-985.1852,USD,105831000,132554000,26723000,26723000,-193717000,70301000,31617000,299548000,None,-2204000,None,2204000,138754000,-5829000,None,-5829000,-214383000,35286000,2204000,-249669000,-245291000,-193717000,-1916000,-249669000,USD,2410272000,264566000,43835000,43835000,7033000,189280000,2121790000,32311000,125317000,1840028000,1840028000,None,None,None,0,24418000,None,2793392000,317403000,None,230191000,454000,454000,2482089000,67344000,2378560000,454000,2378560000,2378560000,56545000,17124000,-383120000,782104000,-1428355000,20000,11387000,USD,-18198000,None,None,-13549000,8524000,3957000,57078000,10878000,None,-249669000,-45261000,45137000,None,0,0,None,None,None,None,46592000,0,None,46653000,None,-18322000,None,-249669000
98,2023Q1,242.11774193548385,252.4166741935484,233.20580967741935,244.06862903225806,720018.4838709678,-21.93,0.02,-21.95,-109750,USD,93974000,121915000,27941000,27941000,-20307000,64012000,31358000,114281000,None,-2210000,None,2210000,166601000,-1443000,None,3431000,8006000,-453187000,-42476000,461193000,461931000,-20307000,592000,461193000,USD,3026402000,259676000,94311000,94311000,2153000,139178000,2742901000,31338000,None,2000392000,2000392000,None,None,None,None,24034000,None,2583191000,312399000,None,223414000,460000,460000,2270792000,65355000,2175918000,460000,2175918000,2175918000,49567000,17675000,443211000,782104000,-967162000,22000,11834000,USD,37397000,None,None,37525000,-10658000,3431000,179774000,-10241000,None,461193000,-179774000,187622000,None,0,0,None,497000,497000,None,341062000,0,None,347812000,None,45245000,None,461193000
99,2023Q2,303.1042741935484,311.3259338709678,293.7558193548387,303.0690322580645,899184.6612903225,30.59,-1.28,31.87,2489.8438,USD,93279000,120400000,27121000,27121000,-26708000,66490000,29354000,119987000,None,-2190000,None,2190000,120400000,-250000,None,3230000,-38053000,-60296000,0,22243000,22156000,-26708000,-26708000,22243000,USD,3363104000,209634000,65968000,65968000,2085000,121901000,3131049000,30507000,None,2323252000,2323252000,None,None,None,None,19680000,None,2543986000,272930000,None,207061000,468000,468000,2271056000,63814000,2177974000,468000,2177974000,2177974000,42985000,17826000,819118000,782104000,-944919000,23000,13247000,USD,-18472000,None,None,-20201000,-13129000,3230000,347003000,-7496000,-6052000,22243000,-347642000,338289000,None,0,0,None,229000,229000,None,335006000,0,None,340360000,None,-27825000,None,22243000
100,2023Q3,377.0892857142857,385.8468920634921,367.3665492063492,376.5446031746032,655922.0634920635,2.35,-0.52,2.87,551.9231,USD,102801000,129462000,26661000,26661000,-25247000,64829000,29660000,128048000,None,-2199000,None,2199000,129462000,2419000,None,2744000,-33834000,109607000,0,-143441000,-145646000,-25247000,13475000,-143441000,USD,3373941000,199565000,45009000,45009000,1865000,128650000,3150220000,30192000,None,2451374000,2451374000,None,None,None,None,24041000,None,2533546000,267721000,None,186805000,475000,475000,2265825000,59720000,2180038000,475000,2180038000,2180038000,53773000,18231000,840395000,782104000,-1088360000,23000,14221000,USD,-7397000,None,None,-15225000,17580000,2744000,161681000,11110000,115000,-143441000,-163134000,150114000,None,0,0,None,665000,665000,None,147877000,0,None,149990000,None,None,None,-143441000
101,2023Q4,471.7303174603175,484.6988841269841,460.74615079365077,474.0162698412699,968037.7777777778,-8.98,0.69,-9.67,-1401.4493,USD,96263000,124484000,28221000,28221000,-42785000,69652000,30158000,139048000,None,-2209000,None,2209000,118884000,-5930000,None,15427000,-60644000,-149770000,2209000,89126000,93037000,-42785000,11880000,89126000,USD,4762528000,267895000,46817000,46817000,None,183815000,4470360000,28941000,130464000,3626476000,3626476000,None,None,None,None,11506999,None,2597556000,323273000,None,236686000,483000,10946000,2282583000,61086000,2182108000,483000,2182108000,2182108000,51538000,22208000,2164972000,782104000,-999234000,26000,19689000,USD,1184000,None,None,2083000,7890000,5122000,1214687000,-3680000,5937000,89126000,-1214687000,1213861000,None,None,None,None,2723000,2723000,None,1205269000,0,None,1221570000,None,None,None,89126000
