,Quarter,1. open,2. high,3. low,4. close,5. volume,reportedEPS,estimatedEPS,surprise,surprisePercentage,reportedCurrency_x,grossProfit,totalRevenue,costOfRevenue,costofGoodsAndServicesSold,operatingIncome,sellingGeneralAndAdministrative,researchAndDevelopment,operatingExpenses,investmentIncomeNet,netInterestIncome,interestIncome,interestExpense,nonInterestIncome,otherNonOperatingIncome,depreciation,depreciationAndAmortization,incomeBeforeTax,incomeTaxExpense,interestAndDebtExpense,netIncomeFromContinuingOperations,comprehensiveIncomeNetOfTax,ebit,ebitda,netIncome_x,reportedCurrency_y,totalAssets,totalCurrentAssets,cashAndCashEquivalentsAtCarryingValue,cashAndShortTermInvestments,inventory,currentNetReceivables,totalNonCurrentAssets,propertyPlantEquipment,accumulatedDepreciationAmortizationPPE,intangibleAssets,intangibleAssetsExcludingGoodwill,goodwill,investments,longTermInvestments,shortTermInvestments,otherCurrentAssets,otherNonCurrentAssets,totalLiabilities,totalCurrentLiabilities,currentAccountsPayable,deferredRevenue,currentDebt,shortTermDebt,totalNonCurrentLiabilities,capitalLeaseObligations,longTermDebt,currentLongTermDebt,longTermDebtNoncurrent,shortLongTermDebtTotal,otherCurrentLiabilities,otherNonCurrentLiabilities,totalShareholderEquity,treasuryStock,retainedEarnings,commonStock,commonStockSharesOutstanding,reportedCurrency,operatingCashflow,paymentsForOperatingActivities,proceedsFromOperatingActivities,changeInOperatingLiabilities,changeInOperatingAssets,depreciationDepletionAndAmortization,capitalExpenditures,changeInReceivables,changeInInventory,profitLoss,cashflowFromInvestment,cashflowFromFinancing,proceedsFromRepaymentsOfShortTermDebt,paymentsForRepurchaseOfCommonStock,paymentsForRepurchaseOfEquity,paymentsForRepurchaseOfPreferredStock,dividendPayout,dividendPayoutCommonStock,dividendPayoutPreferredStock,proceedsFromIssuanceOfCommonStock,proceedsFromIssuanceOfLongTermDebtAndCapitalSecuritiesNet,proceedsFromIssuanceOfPreferredStock,proceedsFromRepurchaseOfEquity,proceedsFromSaleOfTreasuryStock,changeInCashAndCashEquivalents,changeInExchangeRate,netIncome_y
4,2012Q4,56.119677419354836,57.12,54.76806451612903,55.91580645161291,607816.1290322581,0.01,0.01,0,0,USD,61744000,85934000,75753000,24190000,-3131000,51563000,13312000,64875000,98000,-40000,None,40000,None,-72000,None,2053000,-3203000,312000,40000,-3515000,-3542000,-3163000,-908000,-3515000,USD,444297000,394739000,174473000,321557000,None,56369000,70125000,22965000,None,None,None,None,435153000,20567000,147084000,16813000,6026000,208508000,142616000,10290000,None,None,None,65892000,None,None,None,None,None,30914000,6896000,235789000,None,-83543000,7000,68445000,USD,23076000,407000,None,25676000,14557000,2053000,4015000,10727000,989000,-3515000,-172490000,1245000,0,24000,24000,None,None,None,None,None,None,None,1510000,None,-148169000,None,-3515000
5,2013Q1,54.92716666666667,55.8275,53.897166666666664,54.9125,1073975.0,0.02,0.01,0.01,100,USD,68881000,96499000,83161000,27618000,-2157000,55543000,15495000,71038000,116000,-7000,None,7000,None,56000,None,13000,-2101000,512000,7000,-2613000,-2597000,-2094000,-2081000,-2613000,USD,490149000,426674000,187924000,337444000,None,68586000,94346000,25980000,None,957000,957000,None,484722000,30871000,149520000,20644000,6624000,246629000,168996000,10769000,None,None,None,77633000,None,None,None,None,None,40790000,6887000,243520000,None,-86156000,7000,68896000,USD,34507000,550000,None,28415000,15677000,2415000,6221000,12217000,9361000,-2613000,-19738000,-1318000,0,11000,11000,None,None,None,None,None,None,None,1009000,None,13451000,None,-2613000
6,2013Q2,50.07046875,50.8528125,49.171875,49.95265625,1097807.8125,0.02,0.02,0,0,USD,73599000,101289000,91691000,27690000,-6450000,64001000,16048000,80049000,133000,-18000,None,18000,None,-24000,None,42000,-6474000,808000,18000,-7282000,-7248000,-6456000,-6414000,-7282000,USD,538777000,472724000,213664000,361697000,None,91489000,95820000,29500000,None,1415000,1415000,None,484192000,29767000,148033000,19538000,6786000,274896000,182018000,12810000,None,None,None,92878000,None,None,None,None,None,35240000,7542000,263881000,None,-93438000,7000,71103000,USD,15206000,-780000,None,32752000,21604000,2753000,6359000,22903000,-3244000,-7282000,-4409000,14943000,0,36000,36000,None,None,None,None,None,None,None,14872000,None,25740000,None,-7282000
7,2013Q3,47.33953125,47.9428125,46.68390625,47.31390625,880545.3125,0.02,0.02,0,0,USD,82127000,112385000,101641000,30258000,-6883000,71383000,17627000,89010000,137000,-9000,None,9000,None,5000,None,57000,-6878000,8958000,9000,-15836000,-15875000,-6869000,-6812000,-15836000,USD,585606000,529699000,310600000,419621000,None,87461000,73221000,32086000,19476000,1358000000,1358000000,0,433009000,17314000,109007000,22617000,5149000,313186000,206102000,15544000,None,None,35757000,107084000,None,None,None,0,None,3465000,11799000,272420000,None,-109274000,7000,71612000,USD,41730000,6643000,None,32409000,-1154000,2671000,5847000,-4028000,10187000,-15836000,45072000,10148000,0,7000,7000,None,None,None,None,None,None,None,3563000,None,96950000,None,-15836000
8,2013Q4,47.40875,48.06375,46.75921875,47.5478125,1058459.375,0.03,0.02,0.01,50,USD,94373000,128180000,115298000,33807000,-7011000,81491000,19893000,101384000,160000,-8000,None,8000,None,397000,None,155000,-6614000,1247000,8000,-7861000,-7840000,-6606000,-6451000,-7861000,USD,639943000,552332000,266182000,436733000,None,91439000,121253000,42409000,None,6203000,6203000,None,490374000,33642000,170551000,24160000,11560000,350164000,228329000,15218000,None,None,None,121835000,None,None,None,None,None,41494000,14496000,289779000,None,-117135000,7000,72483000,USD,38881000,56000,None,29521000,5685000,3146000,15680000,3978000,3340000,-7861000,-93959000,10646000,0,8000,8000,None,None,None,None,None,None,None,10590000,None,-44432000,None,-7861000
9,2014Q1,68.06245901639345,69.51426229508196,66.49540983606558,68.07065573770493,1756777.049180328,0.03,0.03,0,0,USD,103564000,141068000,154241000,37504000,-37156000,116467000,24253000,140720000,187000,-14000,None,14000,None,-184000,None,270000,-37340000,2606000,14000,-39946000,-39908000,-37326000,-37056000,-39946000,USD,689026000,555287000,261867000,438212000,None,86090000,215071000,45735000,None,18227000000,8133000,10094000,516900000,63105000,176345000,30985000,24899000,404582000,262809000,10341000,None,None,None,141773000,None,None,None,None,None,50138000,19512000,284444000,None,-157081000,7000,73998000,USD,41396000,618000,None,41453000,-849000,3936000,9803000,-5349000,6515000,-39946000,-55703000,9992000,0,101000,101000,None,None,None,None,None,None,None,9374000,None,-4315000,None,-39946000
10,2014Q2,70.02619047619046,71.66539682539683,68.37238095238095,70.03206349206349,1948857.142857143,0.04,0.03,0.01,33.3333,USD,110990000,150700000,148242000,39710000,-145732000,107712000,27837000,256722000,272000,-13000,None,13000,None,417000,None,820000,-145315000,1272000,13000,-146587000,-146569000,-145302000,-144482000,-146587000,USD,880387000,516445000,234790000,367970000,None,114789000,467844000,48488000,None,204699000,49613000,155086000,241082000,103902000,133180000,33686000,6853000,608694000,435351000,24641000,None,None,-7473000,173343000,None,None,None,None,None,179484000,36636000,271693000,None,-296196000,7000,77055000,USD,34279000,84000,None,56542000,30310000,4556000,5896000,28591000,120054000,-146587000,-79644000,18288000,0,23000,23000,None,None,None,None,None,None,None,18204000,None,-27077000,None,-146587000
11,2014Q3,86.17453125,87.4645,84.695171875,86.1196875,1653156.5625,0.04,0.04,0,0,USD,129624000,178252000,170849000,48607000,-25448000,122242000,32830000,155072000,None,-1848000,None,1848000,None,-5560000,None,1658000,-32891000,-833000,1848000,-32058000,-32283000,-31043000,-29385000,-32058000,USD,1478466000,958326000,653800000,772502000,None,135518000,722020000,48744000,30622000,202988000,47955000,155033000,320570000,201880000,118690000,50306000,66528000,1009883000,348171000,14526000,422578000,None,60937000,661712000,None,466875000,466875000,466875000,358750000,12790000,32177000,468583000,None,-335726000,8000,79519000,USD,-26156000,243000,None,70911000,23111000,7762000,4721000,20729000,-131668000,-32106000,-90994000,536174000,0,0,0,None,None,None,None,None,None,None,86557000,None,419024000,None,-32058000
12,2014Q4,110.3465625,112.291015625,108.6590890625,110.5878125,1808143.375,0.05,0.04,0.01,25,USD,138900000,186857000,180558000,53400000,-23800000,125343000,37300000,162700000,None,-5489000,11000,5500000,None,341000,None,1754000,-28900000,1200000,5489000,-30068000,-30000000,-23400000,-21646000,-30100000,USD,1540356000,933567000,543700000,771499000,None,116224000,895800000,49823000,None,202484000,47451000,155033000,516763000,289011000,227752000,45844000,65471000,1047145000,360966000,10497000,470720000,None,None,686179000,None,368712000,None,471856000,368712000,63787000,30285000,493211000,None,-365794000,8000,80518000,USD,74900000,346000,None,30890000,-22703000,6100000,5900000,-19294000,4455000,-30068000,-201100000,16100000,0,0,0,None,None,None,None,None,None,None,15754000,None,-110100000,None,-30100000
13,2015Q1,134.07032786885244,135.9382262295082,132.02576557377049,134.31704918032787,1338581.049180328,0.06,0.06,0,0,USD,158300000,212116000,211178000,59400000,-38500000,149898000,47000000,196800000,None,-5539000,-39000,5500000,None,344000,None,1955000,-43700000,-700000,5539000,-43008000,-42800000,-38200000,-36245000,-43000000,USD,1672784000,861504000,343000000,675057000,None,135251000,1286518000,52639000,None,201258000,45856000,155402000,795982000,463908000,332074000,51196000,93475000,1156723000,415074000,14001000,535843000,None,None,741649000,None,476872000,None,476872000,476872000,76594000,53413000,516061000,None,-408802000,8000,82265000,USD,76900000,925000,None,84909000,54871000,6800000,6200000,19027000,-15137000,-43008000,-286300000,8705000,0,0,0,None,None,None,None,None,None,None,7780000,None,-200700000,None,-43000000
14,2015Q2,159.99174603174603,161.83933968253967,158.12810793650792,160.1688888888889,1344036.6984126985,0.08,0.07,0.01,14.2857,USD,169800000,228541000,224381000,64400000,-36700000,158015000,48400000,206500000,None,-5631000,69000,5700000,None,-55000,None,1971000,-42400000,3500000,5631000,-45935000,-46000000,-36700000,-34729000,-45900000,USD,1784432000,1040509000,454100000,822973000,None,150523000,1152388000,59546000,None,199287000,43885000,155402000,777315000,408465000,368850000,67013000,76625000,1330154000,944007000,14661000,603890000,None,481960000,293107000,None,481960000,None,0,481960000,82002000,54601000,454278000,None,-454737000,8000,83599000,USD,87200000,-753000,None,66367000,13722000,7400000,9800000,15272000,7340000,-45935000,6800000,17062000,0,0,0,None,None,None,None,None,None,None,96073000,None,111100000,None,-45900000
15,2015Q3,177.2028125,179.96357968750002,173.9066015625,177.018125,1608028.28125,0.09,0.08,0.01,12.5,USD,209600000,300586000,265323000,74300000,-34500000,191005000,53100000,244100000,None,-5666000,-66000,5600000,None,-346000,None,2220000,-40600000,5400000,5666000,-45971000,-12500000,-35000000,-32780000,-46000000,USD,1965200000,1074000000,375800000,788979000,None,212366000,1429989000,62900000,47800000,216200000,52700000,163500000,952006000,538841000,413165000,72685000,73300000,1477300000,1032200000,13200000,713654000,None,487084000,357136000,None,487100000,487100000,0,487084000,108086000,67400000,487900000,None,-500708000,8000,84788000,USD,113800000,1998000,None,136480000,65125000,8600000,11900000,61825000,3645000,-45989000,-198400000,6333000,0,0,0,None,None,None,None,None,None,-78258000,-71358000,None,-78300000,None,-46000000
16,2015Q4,173.048203125,175.3571046875,170.110640625,173.1171875,1544302.046875,0.12,0.11,0.01,9.0909,USD,218000000,291400000,268300000,79200000,-32000000,189100000,59700000,250000000,None,-5800000,None,5800000,None,2200000,None,9200000,-35600000,4300000,5800000,-38700000,-40200000,-29800000,-19400000,-39900000,USD,2094400000,1039900000,275800000,761300000,None,196400000,1749000000,76700000,None,214500000,51000000,163500000,1194800000,694500000,485500000,82200000,68800000,1550600000,1078200000,17500000,804500000,None,492300000,389700000,None,492300000,None,None,492300000,91100000,62500000,543800000,None,-539400000,1083600000,85900000,USD,146700000,200000,None,69000000,-21000000,9200000,19500000,-16000000,12000000,-38700000,-263500000,16800000,0,0,0,None,None,None,None,None,None,0,16600000,None,-100000000,None,-39900000
17,2016Q1,147.64737704918034,150.70152786885245,144.0450393442623,147.51147540983607,2276561.475409836,0.13,0.13,0,0,USD,240500000,328900000,316000000,94200000,-50100000,221800000,74000000,290600000,None,-5800000,None,5800000,None,2500000,None,10300000,-53400000,3900000,5800000,-62500000,-57600000,-47600000,-42500000,-57300000,USD,2316600000,1307100000,413200000,964600000,None,254400000,1640600000,92600000,None,212200000,48700000,163500000,1182500000,631100000,551400000,88100000,73600000,1723800000,1186400000,32500000,928800000,None,497500000,459900000,None,497500000,None,None,497500000,115200000,72300000,592800000,None,-601900000,1195400000,88400000,USD,154300000,300000,None,151100000,71300000,10300000,17400000,58000000,4700000,-62500000,-21200000,4800000,0,0,0,None,None,None,None,None,None,0,4500000,None,137400000,None,-57300000
18,2016Q2,139.175625,141.0650578125,136.869471875,138.95796875,1956203.84375,0.14,0.14,0,0,USD,250900000,340000000,330400000,94900000,-52500000,235500000,74000000,303400000,None,-5800000,None,5800000,None,1000000,None,2300000,-57300000,6800000,5800000,-70200000,-62800000,-51500000,-49200000,-64100000,USD,2507000000,1446200000,550000000,1087500000,None,267600000,1743700000,100500000,None,209900000,46400000,163500000,1220400000,682900000,537500000,91100000,67500000,1848000000,1239000000,24300000,1069200000,None,502800000,536800000,None,502800000,502800000,None,502800000,101500000,78000000,659000000,None,-672100000,1330500000,89600000,USD,170300000,200000,None,123700000,12100000,11200000,19300000,13300000,3800000,-70200000,-54600000,21300000,0,0,0,None,None,None,None,None,None,0,21100000,None,136800000,None,-64100000
19,2016Q3,136.067109375,138.1885390625,134.716403125,136.72234375,1542002.828125,0.17,0.17,0,0,USD,299100000,418200000,369700000,101700000,-22700000,268000000,76500000,321800000,None,-6000000,None,6000000,None,2700000,None,2300000,-26000000,5400000,6000000,-54500000,-31000000,-20000000,-17700000,-31400000,USD,2858200000,1774000000,734400000,1285600000,None,348700000,1694900000,117200000,78200000,207500000,44000000,163500000,1204000000,652800000,551200000,84800000,106700000,1963300000,846800000,30200000,1240800000,None,8000000,1124500000,None,500200000,500200000,508200000,508200000,112700000,79400000,894900000,None,-726600000,1515500000,90500000,USD,187300000,-200000,None,192100000,71400000,12100000,16300000,81100000,2500000,-54500000,400000,-4000000,0,0,0,None,None,None,None,None,None,0,3100000,None,184400000,None,-31400000
20,2016Q4,144.1053968253968,145.85384126984127,142.16632222222222,143.7590476190476,1568133.8253968253,0.18,0.17,0.01,5.8824,USD,296900000,392100000,363400000,101200000,-49000000,262100000,84200000,345900000,None,-6000000,None,6000000,None,2500000,None,13600000,-52500000,4400000,6000000,-61800000,-59800000,-46500000,-33800000,-56900000,USD,3006500000,1865900000,839400000,1390000000,None,346500000,1849000000,125000000,None,205200000,41700000,163500000,1259000000,708400000,550600000,129400000,102000000,2149600000,1400900000,29200000,1359600000,None,506200000,687300000,None,506200000,506200000,0,506200000,107400000,85800000,856900000,None,-683400000,1542200000,91700000,USD,203500000,200000,None,106100000,-12300000,13600000,20900000,-2200000,22500000,-61800000,-71200000,-27100000,0,50000000,50000000,None,None,None,None,None,None,0,-27300000,None,105000000,None,-56900000
21,2017Q1,134.041935483871,135.47787096774195,132.57633387096774,134.13645161290322,2133240.806451613,0.21,0.21,0,0,USD,309400000,416500000,387100000,113200000,-54400000,273900000,89900000,363800000,None,-6100000,None,6100000,None,2700000,None,14400000,-57800000,2800000,6100000,-60600000,-63800000,-51700000,-37300000,-60600000,USD,3174600000,1880400000,761400000,1354400000,None,386100000,2084700000,154100000,None,203000000,39500000,163500000,1385500000,790500000,593000000,139900000,146600000,2304000000,993600000,28000000,1498600000,None,None,1310400000,None,512300000,None,512300000,512300000,137600000,127500000,870600000,None,-737600000,1613300000,92000000,USD,214300000,None,None,157200000,91200000,14400000,44700000,39500000,4700000,-60600000,-173100000,-119400000,0,120100000,120100000,None,None,None,None,None,None,0,-119200000,None,-78000000,None,-60600000
22,2017Q2,121.18285714285715,122.49253968253967,119.78847777777779,121.2095238095238,1968456.3174603174,0.2,0.18,0.02,11.1111,USD,308100000,425600000,397400000,123700000,-49100000,271200000,86000000,357200000,None,-6200000,None,6200000,None,2100000,None,2500000,-53200000,7700000,6200000,-60900000,-60000000,-47000000,-44500000,-60900000,USD,3250100000,1895200000,692000000,1372000000,None,364100000,2074000000,192300000,None,295300000,56500000,238800000,1418100000,719100000,680000000,159100000,148200000,2437000000,1054700000,33200000,1611800000,None,None,1382300000,None,518400000,None,518400000,518400000,136500000,137100000,813100000,None,-798500000,1615800000,91800000,USD,211200000,None,None,111300000,-14400000,15100000,48600000,-22400000,200000,-60900000,-166800000,-113800000,0,125000000,125000000,None,None,None,None,None,None,0,-102800000,None,-69400000,None,-60900000
23,2017Q3,136.6769841269841,138.05627301587302,135.4019857142857,136.64365079365078,1299253.2857142857,0.31,0.26,0.05,19.2308,USD,370600000,527400000,449100000,138500000,-27300000,310600000,87300000,397900000,None,-6200000,None,6200000,None,2900000,None,2700000,-30600000,7600000,6200000,-38200000,-23800000,-24400000,-21700000,-38200000,USD,3438300000,1976300000,744300000,1375000000,None,432100000,2251300000,211100000,102300000,292500000,53700000,238800000,1420000000,789300000,630700000,169200000,169100000,2678700000,1201300000,35500000,1773500000,None,524700000,1477400000,None,524700000,524700000,524700000,524700000,197400000,147600000,759600000,None,-836700000,1599700000,91500000,USD,239800000,None,None,205900000,66500000,16700000,49200000,68000000,-22300000,-38200000,-61500000,-125700000,0,115900000,115900000,None,None,None,None,None,None,0,-115300000,None,52300000,None,-38200000
24,2017Q4,146.24190476190475,147.52225238095238,144.67187619047618,145.96404761904762,1402253.9206349207,0.25,0.23,0.02,8.6957,USD,360500000,499200000,481000000,141300000,-53500000,324200000,94200000,414000000,None,-6300000,None,6300000,501200000,4800000,None,2700000,-55000000,8200000,6300000,-64000000,-66800000,-48700000,-46000000,-63200000,USD,3486500000,2039500000,842600000,1503200000,None,350800000,2224400000,256900000,None,289800000,51000000,238800000,1693100000,777400000,660600000,185500000,122900000,2821000000,1743000000,38800000,1864500000,None,531000000,1038800000,None,531000000,531000000,0,531000000,155300000,192200000,665500000,None,-900700000,1573200000,91900000,USD,274000000,None,None,52200000,-74900000,21300000,32200000,-81300000,35400000,-64000000,-52400000,-123400000,0,134100000,134100000,None,None,None,None,None,None,0,-112000000,None,98300000,None,-63200000
25,2018Q1,166.5050819672131,168.63524590163934,164.5304918032787,166.69852459016394,1458263.475409836,0.29,0.26,0.03,11.5385,USD,386200000,536000000,477600000,159400000,-22500000,318300000,96600000,408700000,None,-6400000,None,6400000,544400000,4900000,None,2700000,-24000000,1600000,6400000,-34900000,-25800000,-17600000,-14900000,-25600000,USD,3627500000,2210200000,915000000,1635700000,None,365100000,2139600000,264700000,None,287100000,48300000,238800000,1772200000,722300000,720700000,209400000,143200000,2994400000,1856400000,33400000,1996700000,None,537400000,1104500000,None,537400000,537400000,0,537400000,196800000,196600000,633100000,None,-935600000,1575900000,91800000,USD,244600000,None,None,160300000,46900000,22100000,25600000,14300000,-28100000,-34900000,-36100000,-135200000,0,125000000,125000000,None,None,None,None,None,None,0,-123700000,None,72400000,None,-25600000
26,2018Q2,199.92984375,202.32203125,197.36546875,200.03328125,1429944.015625,0.33,0.32,0.01,3.125,USD,407800000,560600000,522900000,159900000,-45300000,359200000,99600000,453100000,None,-6500000,None,6500000,570400000,8600000,None,3800000,-43200000,-2800000,6500000,-46700000,-46400000,-36700000,-32900000,-40400000,USD,3908300000,2205500000,949000000,1621200000,None,361800000,2295700000,264200000,None,669900000,147700000,522200000,1789600000,592900000,672200000,222500000,175800000,3186200000,1943100000,32700000,2154900000,None,543800000,1215400000,None,543800000,543800000,0,543800000,201100000,226000000,722100000,None,-982300000,1717600000,92900000,USD,241900000,None,None,135600000,15800000,24600000,28800000,-5500000,-25200000,-46700000,-225100000,17800000,0,0,0,None,None,None,None,None,None,0,29200000,None,34000000,None,-40400000
27,2018Q3,218.52142857142857,221.1095634920635,215.79600793650792,218.4257142857143,1183687.9523809524,0.43,0.39,0.04,10.2564,USD,474000000,677300000,539200000,184500000,17100000,354500000,110300000,456900000,None,-10400000,None,10400000,658500000,10200000,None,7100000,16900000,9900000,10400000,-2300000,3800000,27300000,34400000,7000000,USD,5948900000,4138500000,2506900000,3403400000,None,467300000,2238500000,273100000,161900000,663600000,140800000,522800000,3405600000,547500000,896500000,261300000,326200000,4788600000,2101700000,49400000,2364900000,None,550400000,2695300000,None,1920100000,550400000,1369700000,1920100000,270700000,229600000,1160300000,None,-984600000,1967400000,93600000,USD,277600000,None,None,286900000,170700000,28400000,25400000,105500000,-62700000,-2300000,-206400000,1486400000,0,0,0,None,None,None,None,None,None,0,145400000,None,1557900000,None,7000000
28,2018Q4,187.86682539682542,191.05539682539683,184.17619206349207,187.05380952380952,1602794.7142857143,0.39,0.35,0.04,11.4286,USD,472500000,631100000,584100000,183500000,-32100000,391200000,113400000,504600000,None,-22700000,None,22700000,653800000,13000000,None,9400000,-41800000,-3500000,24900000,-38300000,-40900000,-19100000,-9700000,-38300000,USD,5801500000,3815200000,1784400000,3203800000,None,382300000,1986300000,276500000,None,822600000,186200000,636400000,2202700000,565500000,1419400000,229100000,321700000,4548500000,1815700000,43000000,None,None,239900000,1611300000,None,1624400000,239900000,1384500000,1624400000,263000000,226800000,1253000000,None,-857300000,2129300000,94700000,USD,252300000,None,None,36700000,-64000000,32500000,34300000,-86600000,-10100000,-38300000,-713100000,-261800000,0,0,0,None,None,None,None,None,None,0,30700000,None,-722600000,None,-38300000
29,2019Q1,222.1690163934426,224.82655737704917,219.68909836065575,222.53131147540984,1379807.213114754,0.5,0.41,0.09,21.9512,USD,508600000,689400000,590700000,202600000,6600000,373700000,128300000,502000000,None,-20600000,None,20600000,710000000,16000000,None,14400000,2000000,4600000,20600000,-2600000,6600000,22600000,37000000,-2600000,USD,5707500000,3487500000,1127800000,2830000000,None,415000000,2220000000,273200000,None,808200000,171800000,636400000,2829600000,808600000,1702200000,242500000,330000000,4635700000,1868200000,27900000,None,None,156300000,1608200000,None,1555800000,156300000,1399500000,1555800000,314800000,208700000,1071800000,None,-859900000,1941500000,93700000,USD,275400000,None,None,174900000,93300000,38800000,23500000,32700000,-84700000,-2600000,-523800000,-407800000,0,330000000,330000000,None,None,None,None,None,None,0,-327100000,None,-2600000,None,-2600000
30,2019Q2,224.91920634920635,227.34501428571429,221.7752380952381,224.43650793650792,1292768.873015873,0.44,0.42,0.02,4.7619,USD,521700000,705900000,620900000,204900000,-18700000,401300000,139100000,540400000,None,-20600000,2400000,20600000,726500000,18200000,None,14700000,-21100000,-900000,20600000,-20200000,-17600000,-500000,14200000,-20200000,USD,6261800000,3717500000,1314900000,3048100000,None,407500000,2544300000,275000000,None,1261500000,234200000,1027300000,2785100000,669900000,1733200000,261900000,337900000,4808300000,1998800000,68600000,None,None,158100000,2808400000,None,1572800000,158100000,1414700000,1572800000,322500000,211100000,1453500000,None,-880100000,2340800000,95900000,USD,296400000,None,None,128000000,71300000,40300000,20300000,-9900000,-80300000,-20200000,-140300000,31800000,0,0,0,None,None,None,None,None,None,0,36700000,None,-20200000,None,-20200000
31,2019Q3,212.8828125,215.2140625,209.608125,212.36296875,1327623.609375,0.49,0.47,0.02,4.2553,USD,588400000,785800000,657000000,217400000,-9900000,439600000,158700000,598300000,None,-20000000,18100000,20000000,805800000,16200000,None,15100000,-13700000,7100000,20000000,-20800000,-17300000,6300000,21400000,-20800000,USD,6592200000,3664800000,961400000,2803100000,None,582400000,2927400000,296000000,244200000,1632900000,280600000,1352300000,2502800000,575400000,1841700000,279300000,423100000,5005900000,2053300000,73300000,2888700000,None,None,2952600000,None,1430000000,None,1430000000,1430000000,397900000,216000000,1586300000,None,-900900000,2490900000,96800000,USD,231500000,None,None,349700000,340600000,42200000,53100000,172500000,-178000000,-20800000,-448700000,-136100000,0,0,0,None,None,None,None,None,None,0,1400000,None,-20800000,None,-20800000
32,2019Q4,226.2578125,228.6309375,224.42515625000001,226.9103125,1167811.15625,0.35,0.34,0.01,2.9412,USD,554200000,753400000,670100000,217700000,-51800000,435500000,170500000,606000000,None,-18900000,15800000,18900000,772300000,0,None,16900000,-54500000,5100000,18900000,-59600000,-56500000,-35600000,-18700000,-59600000,USD,6824800000,3649800000,1263700000,2861200000,None,499200000,2892400000,316400000,None,1684500000,284100000,1400400000,2088600000,467600000,1597500000,289400000,423900000,5308400000,2051600000,74700000,None,None,None,2885200000,371600000,1445500000,None,1445500000,1445500000,318000000,82600000,1516400000,None,-960500000,2477500000,97600000,USD,225200000,None,None,13100000,-24700000,44000000,47200000,-83900000,-84400000,-59600000,244500000,-167100000,0,198100000,198100000,None,None,None,None,None,None,0,-161800000,None,302600000,None,-59600000
33,2020Q1,209.13693548387096,212.55548387096775,206.0232306451613,209.44467741935483,1578909.0,0.4,0.37,0.03,8.1081,USD,583600000,795300000,702100000,233100000,-52900000,451100000,185400000,636500000,None,-19000000,13900000,19000000,814300000,-700000,None,17900000,-61100000,12600000,19000000,-73700000,-74900000,-42100000,-24200000,-73700000,USD,7184100000,3978200000,2000000000,3133900000,None,540300000,2935900000,311400000,None,1801700000,290000000,1511700000,1996800000,317900000,1133900000,304000000,504900000,5575600000,2239500000,55400000,None,None,None,2982600000,353500000,1461200000,None,1461200000,1461200000,426400000,80600000,1608500000,None,-1034200000,2644500000,99700000,USD,306900000,None,None,216200000,123100000,48400000,49100000,40800000,-88900000,-73700000,436400000,-6100000,0,0,0,None,None,None,None,None,None,0,600000,None,-73700000,None,-73700000
34,2020Q2,211.1420634920635,214.5038095238095,208.16555555555556,211.39507936507937,1428968.2063492064,0.39,0.31,0.08,25.8065,USD,611100000,850200000,748900000,258300000,-56500000,471300000,196300000,667600000,None,-19400000,8300000,19400000,869600000,-400000,None,19300000,-67800000,7000000,19400000,-74800000,-75000000,-48400000,-29100000,-74800000,USD,6501800000,3014000000,1484700000,2038800000,None,668800000,3487800000,357200000,None,2193500000,380600000,1812900000,705300000,151200000,554100000,306400000,522100000,5757100000,2335700000,52300000,3370600000,57300000,None,3421400000,344600000,1477000000,57300000,1477000000,1477000000,428800000,83800000,744700000,None,-1109000000,1855700000,96500000,USD,169900000,None,None,130000000,176800000,53200000,86300000,110300000,-81800000,-74800000,274700000,-959300000,0,1000000000,1000000000,None,None,None,None,None,None,0,-953200000,None,-74800000,None,-74800000
35,2020Q3,249.6490625,252.7288921875,246.133721875,249.5925,1208142.296875,0.49,0.46,0.03,6.5217,USD,660000000,919000000,752300000,290400000,-17800000,461900000,215900000,677800000,None,-31400000,3400000,31400000,950400000,800000,None,23200000,-48400000,10500000,31400000,-58900000,-46400000,-17000000,6200000,-58900000,USD,9065400000,5129200000,2958000000,3747800000,None,1037100000,3936200000,348100000,321000000,2171100000,358200000,1812900000,1686200000,554400000,789800000,344300000,181600000,7963600000,2691700000,63600000,3810200000,57900000,None,5271900000,336600000,3084100000,0,3084100000,3084100000,579000000,90100000,1101800000,None,-1167900000,2259200000,96300000,USD,333700000,28000000,None,596900000,569400000,60500000,31800000,368400000,-193700000,-58900000,-667600000,1805500000,0,0,0,None,None,None,None,None,None,0,203100000,None,-58900000,None,-58900000
36,2020Q4,279.62453125,283.5650265625,276.2508171875,280.31609375,1093497.46875,0.54,0.44,0.1,22.7273,USD,668200000,907900000,776700000,277800000,-44500000,475300000,237400000,712700000,None,-40200000,2900000,40200000,948100000,-2600000,None,23600000,-82300000,9900000,40200000,-92200000,-99500000,-42100000,-18500000,-92200000,USD,8726500000,4300900000,2142000000,3217600000,None,686500000,4434900000,337900000,None,2357400000,388800000,1968600000,2506400000,873200000,1075600000,407800000,605900000,7979500000,2635100000,48500000,3946800000,None,None,5344400000,323900000,3119100000,None,3119200000,3119100000,449100000,92000000,747000000,None,-1260100000,2003900000,95200000,USD,534900000,None,None,-15700000,-285400000,58000000,29600000,-382300000,-116900000,-92200000,-886200000,-464500000,0,500000000,500000000,None,None,None,None,None,None,0,-454600000,None,-815800000,None,-92200000
37,2021Q1,358.11776229508195,362.16628524590163,351.3995901639344,356.61147540983603,1189689.950819672,0.52,0.48,0.04,8.3333,USD,709300000,972500000,868700000,307600000,-88800000,531400000,266700000,798100000,None,-40700000,2300000,40700000,1013200000,900000,None,29700000,-130000000,12300000,40700000,-142300000,-135600000,-89300000,-59600000,-142300000,USD,9488400000,4275800000,2113200000,3171200000,None,695700000,5251100000,330700000,None,3124600000,541100000,2583500000,2402700000,857100000,1058000000,435400000,648100000,8451100000,4376300000,44700000,4162400000,1525600000,1525600000,3913600000,317900000,3154700000,1525600000,1629100000,3154700000,516300000,93900000,1037300000,None,-1402400000,2429800000,97200000,USD,364500000,None,None,262500000,127100000,64900000,32100000,-16400000,-180600000,-142300000,-384400000,-5400000,0,0,0,None,None,None,None,None,None,0,300000,None,-142300000,None,-142300000
38,2021Q2,355.6638095238095,359.7804793650794,351.8184492063492,355.48809523809524,953086.7619047619,0.46,0.43,0.03,6.9767,USD,743300000,1032000000,906100000,330600000,-110400000,542700000,311000000,853700000,None,-41000000,1800000,41000000,1073000000,100000,None,32800000,-150400000,-5300000,41000000,-145100000,-151400000,-109400000,-76600000,-145100000,USD,9562100000,4140900000,1886100000,2945400000,None,798200000,5488600000,322700000,None,3243400000,530300000,2713100000,2226900000,885400000,1059300000,428700000,711000000,8564900000,3007300000,71800000,4375000000,None,317000000,5557600000,317700000,3190600000,None,3190600000,3190600000,514300000,95500000,997200000,None,-1547500000,2541100000,97400000,USD,277800000,None,None,231000000,227600000,68700000,26900000,97400000,-137500000,-145100000,-207600000,-298500000,0,350000000,350000000,None,None,None,None,None,None,0,-292000000,None,-145100000,None,-145100000
39,2021Q3,420.82484375,425.8393015625,416.4836515625,421.5415625,1319632.265625,0.53,0.48,0.05,10.4167,USD,860400000,1175000000,986100000,358900000,-60400000,595500000,325300000,920800000,None,-41400000,1500000,41400000,1216400000,900000,None,31700000,-102300000,17000000,41400000,-119300000,-132800000,-60900000,-29200000,-119300000,USD,10241600000,4647300000,1874200000,2901100000,None,1319400000,5788600000,318400000,399000000,498600000,498600000,2710100000,2182900000,888300000,1026900000,505800000,421400000,9478000000,5116700000,56900000,5024000000,1557900000,1557900000,4361300000,313400000,3226000000,1557900000,1668100000,3226000000,760000000,97700000,634500000,None,-1666800000,2311200000,97300000,USD,325800000,None,None,811600000,402200000,68800000,27400000,473700000,107400000,-119300000,-2400000,-335600000,0,328100000,328100000,None,None,None,None,None,None,0,-327800000,None,-12200000,None,-119300000
40,2021Q4,518.398203125,526.7991828125,510.6937140625,519.01046875,1282379.0,0.55,0.52,0.03,5.7692,USD,866800000,1240500000,1022400000,380600000,-82700000,610000000,339500000,949500000,None,-6900000,None,6900000,1247400000,900000,None,31800000,-91200000,12400000,6900000,-103600000,-105000000,-84300000,-52500000,-103600000,USD,10426400000,4839100000,2272900000,3461400000,None,916000000,5785100000,324300000,None,3203600000,471300000,2732300000,2333900000,898800000,1188500000,565600000,432700000,9907500000,7144400000,95300000,5158200000,3672100000,3672100000,2763100000,299500000,3672100000,3672100000,0,3672100000,575400000,107000000,518900000,None,-1503700000,2033900000,98700000,USD,588900000,None,None,-8000000,-291800000,69000000,34600000,-428400000,-96200000,-103600000,-229900000,38700000,0,0,0,None,None,None,None,None,None,0,58700000,None,397700000,None,-103600000
41,2022Q1,534.9578048387096,548.6658596774193,523.83235,536.9956451612903,1834955.7258064516,0.58,0.55,0.03,5.4545,USD,911600000,1310100000,1063500000,405300000,-73900000,626500000,359000000,985500000,None,-6800000,None,6800000,1316900000,-300000,None,31700000,-80800000,12700000,6800000,-93500000,-112400000,-74000000,-42300000,-93500000,USD,10400500000,4868600000,1922700000,3340300000,None,1065100000,5707700000,362700000,None,3175200000,443900000,2731300000,2277300000,851000000,1417600000,576100000,432100000,10282700000,7406400000,120400000,5449200000,3673900000,3673900000,2876300000,282400000,3673900000,3673900000,0,3673900000,653900000,102900000,117800000,None,-1597200000,1745200000,98500000,USD,482600000,None,None,392200000,227600000,69700000,80700000,140100000,-27400000,-93500000,-274300000,-558500000,0,550000000,550000000,None,None,None,None,None,None,0,-549900000,None,-93500000,None,-93500000
42,2022Q2,533.8562903225805,544.4702629032258,521.8458016129032,532.0475806451612,1598034.9677419355,0.6,0.56,0.04,7.1429,USD,946200000,1379900000,1110700000,440500000,-47600000,638400000,355400000,993800000,None,-6800000,None,6800000,1386700000,-4200000,None,31800000,-52500000,20700000,6800000,-73200000,-101300000,-45700000,-13900000,-73200000,USD,11100000000,5697600000,2419900000,3874600000,None,1357400000,5579700000,355600000,None,3143400000,412100000,2731300000,2241200000,714700000,1454700000,582400000,468500000,10762400000,7677200000,108000000,5859400000,3675700000,3675700000,3085200000,275700000,3675700000,3675700000,0,3675700000,740600000,103000000,337600000,None,-1670400000,2066300000,99600000,USD,389500000,None,None,437400000,420300000,71400000,38300000,288400000,None,-73200000,42900000,66300000,0,0,0,None,None,None,None,None,None,0,77500000,None,-73200000,None,-73200000
43,2022Q3,450.49875,456.8629390625,443.140459375,450.5790625,1911161.3125,0.8,0.76,0.04,5.2632,USD,1058200000,1545400000,1202900000,492300000,15400000,679000000,363800000,1042800000,None,-6900000,None,6900000,1552300000,-4800000,None,31600000,17300000,14000000,6900000,3300000,6000000,24200000,55800000,3300000,USD,12253600000,6414900000,2118500000,3634500000,None,2253800000,3283100000,357800000,469700000,384500000,384500000,2747700000,2826900000,1051900000,1516000000,637900000,312600000,12043600000,8306300000,128000000,6994000000,3676800000,3676800000,3737300000,276100000,3676800000,3676800000,0,3676800000,860300000,108400000,210000000,None,-1667100000,1932700000,99600000,USD,523700000,None,None,1248100000,686900000,72500000,39200000,901900000,None,3300000,-472100000,-353100000,0,342300000,342300000,None,None,None,None,None,None,0,-342000000,None,-301500000,None,3300000
44,2022Q4,161.29611111111112,163.48133015873017,158.12739206349207,160.58904761904762,4151320.365079365,0.83,0.69,0.14,20.2899,USD,1101500000,1561000000,1205500000,461900000,15200000,714500000,371800000,1086300000,None,-6800000,29400000,6800000,1567800000,-7800000,None,29100000,34400000,14400000,6800000,20000000,-35500000,41200000,70300000,20000000,USD,12543800000,5733500000,2067200000,3803700000,None,1391800000,6972400000,353700000,None,3103100000,355400000,2747700000,4517400000,2094700000,1736500000,691700000,478100000,12035800000,8195100000,125900000,7179600000,3678600000,3678600000,3840700000,283100000,3678600000,3678600000,None,3678600000,649300000,119300000,508000000,None,-1647100000,2266200000,302300000,USD,1236700000,None,None,-7700000,-803200000,70700000,39600000,-904400000,None,20000000,-1319800000,31100000,0,22700000,22700000,None,None,None,None,None,None,0,45000000,None,-52000000,None,20000000
45,2023Q1,168.88287096774192,171.3643370967742,167.11225967741936,169.47975806451615,4533643.0,1.05,0.78,0.27,34.6154,USD,1188900000,1640900000,1235900000,466200000,39900000,744900000,404100000,1149000000,None,-6900000,56600000,6900000,1647800000,2100000,None,24800000,84400000,200000,6900000,84200000,184200000,91300000,116100000,84200000,USD,13163400000,5405800000,1346300000,3346900000,313400000,1449900000,7975700000,344700000,None,3274000000,361700000,2912300000,5027400000,2820600000,2000600000,467400000,555900000,12434400000,8475100000,128300000,7554000000,3680300000,3680300000,3959300000,274200000,3680300000,3680300000,None,3680300000,724000000,73600000,729000000,None,-1562900000,2303000000,302400000,USD,694600000,None,None,499700000,251100000,69900000,38300000,39800000,None,84200000,-1164500000,-250800000,0,250000000,250000000,None,None,None,None,None,None,0,-249300000,None,-720700000,None,84200000
46,2023Q2,207.42814516129033,210.53309516129033,205.14525967741938,208.10645161290324,5435975.225806451,1.1,0.93,0.17,18.2796,USD,1246100000,1710900000,1254300000,474800000,78700000,753700000,413700000,1167400000,None,-7800000,65900000,7800000,1718700000,-3600000,None,25800000,131000000,23200000,7800000,107800000,98200000,138800000,164600000,107800000,USD,14170500000,6413600000,1992900000,3958200000,317300000,1688800000,8147300000,341700000,None,3267400000,340600000,2926800000,5115000000,2709800000,1965300000,694500000,686100000,12938100000,8641200000,91600000,8089600000,3682100000,3682100000,4296900000,264500000,3682100000,3682100000,None,3682100000,720800000,89500000,1232400000,None,-1455100000,2708200000,305600000,USD,432100000,None,None,447400000,599600000,72300000,31200000,165300000,None,107800000,87900000,128200000,0,0,0,None,None,None,None,None,None,0,130300000,None,648200000,None,107800000
47,2023Q3,237.18214285714285,239.93130634920635,233.81857936507936,236.6690476190476,4297777.19047619,1.44,1.28,0.16,12.5,USD,1446500000,1944800000,1310600000,506800000,253500000,778600000,414400000,1193000000,None,-5700000,72500000,5700000,1950500000,-1000000,None,25200000,316500000,88800000,5700000,227700000,205200000,322200000,347400000,227700000,USD,14501100000,6048000000,1135300000,2390000000,339200000,2852000000,5526300000,354500000,528300000,315400000,315400000,2926800000,4454000000,3047900000,1254700000,466800000,321700000,12752700000,7737500000,132300000,9296400000,1991500000,1991500000,5015200000,279200000,1991500000,1991500000,None,1991500000,939100000,86100000,1748400000,None,-1227400000,3019000000,308300000,USD,414100000,None,None,1447700000,1276800000,69300000,37200000,1758300000,-496600000,227700000,362600000,-1634800000,0,0,0,None,1631900000,1631900000,None,None,None,0,60100000,None,-858100000,None,227700000
48,2023Q4,266.5650809523809,270.9349142857143,263.32076825396825,267.40666666666664,4056232.73015873,1.38,1.16,0.22,18.9655,USD,1405300000,1880300000,1278300000,472800000,215200000,780600000,409500000,1190100000,None,-2900000,71200000,2900000,1883200000,-6000000,None,24900000,282600000,88400000,2900000,194200000,144400000,285500000,310400000,194200000,USD,14808500000,6477600000,2491400000,3893800000,328700000,1858900000,8330900000,352600000,None,3217300000,290500000,2926800000,4721800000,2988900000,1402400000,396200000,342600000,12638000000,7513400000,131800000,9442800000,1946700000,1946700000,5124600000,275800000,1946700000,1946700000,None,1946700000,702900000,138000000,2170500000,None,-1033200000,3296700000,313700000,USD,1526000000,None,None,-70900000,-997300000,64300000,36800000,-1006600000,-23700000,194200000,-129000000,-41800000,0,66700000,66700000,None,86400000,86400000,None,None,None,0,19700000,None,None,None,194200000
49,2024Q1,328.25825476190477,333.2564119047619,323.2704619047619,329.052380952381,6402784.595238095,1.46,1.3,0.16,12.3077,USD,1476000000,1965800000,1502000000,499100000,53600000,974500000,447900000,1422400000,None,-2800000,85300000,2800000,1968600000,5900000,None,28400000,135500000,-1611400000,2800000,1746900000,1833400000,138300000,166700000,1746900000,USD,18292000000,6446700000,1782500000,3371000000,None,2341800000,11845300000,352300000,None,3812800000,440100000,3372700000,5489300000,3619600000,1588500000,405900000,326000000,13934800000,7765500000,178800000,9818400000,1821800000,1821800000,6169300000,362700000,1821800000,1821800000,None,1821800000,846800000,317800000,4357200000,None,713700000,3650000000,322700000,USD,690000000,None,None,538400000,586000000,68600000,35200000,481900000,226100000,1746900000,-1325500000,-72600000,None,0,0,None,None,None,None,None,None,None,57500000,None,None,None,1746900000
