,Quarter,1. open,2. high,3. low,4. close,5. volume,reportedEPS,estimatedEPS,surprise,surprisePercentage,reportedCurrency_x,grossProfit,totalRevenue,costOfRevenue,costofGoodsAndServicesSold,operatingIncome,sellingGeneralAndAdministrative,researchAndDevelopment,operatingExpenses,investmentIncomeNet,netInterestIncome,interestIncome,interestExpense,nonInterestIncome,otherNonOperatingIncome,depreciation,depreciationAndAmortization,incomeBeforeTax,incomeTaxExpense,interestAndDebtExpense,netIncomeFromContinuingOperations,comprehensiveIncomeNetOfTax,ebit,ebitda,netIncome_x,reportedCurrency_y,totalAssets,totalCurrentAssets,cashAndCashEquivalentsAtCarryingValue,cashAndShortTermInvestments,inventory,currentNetReceivables,totalNonCurrentAssets,propertyPlantEquipment,accumulatedDepreciationAmortizationPPE,intangibleAssets,intangibleAssetsExcludingGoodwill,goodwill,investments,longTermInvestments,shortTermInvestments,otherCurrentAssets,otherNonCurrentAssets,totalLiabilities,totalCurrentLiabilities,currentAccountsPayable,deferredRevenue,currentDebt,shortTermDebt,totalNonCurrentLiabilities,capitalLeaseObligations,longTermDebt,currentLongTermDebt,longTermDebtNoncurrent,shortLongTermDebtTotal,otherCurrentLiabilities,otherNonCurrentLiabilities,totalShareholderEquity,treasuryStock,retainedEarnings,commonStock,commonStockSharesOutstanding,reportedCurrency,operatingCashflow,paymentsForOperatingActivities,proceedsFromOperatingActivities,changeInOperatingLiabilities,changeInOperatingAssets,depreciationDepletionAndAmortization,capitalExpenditures,changeInReceivables,changeInInventory,profitLoss,cashflowFromInvestment,cashflowFromFinancing,proceedsFromRepaymentsOfShortTermDebt,paymentsForRepurchaseOfCommonStock,paymentsForRepurchaseOfEquity,paymentsForRepurchaseOfPreferredStock,dividendPayout,dividendPayoutCommonStock,dividendPayoutPreferredStock,proceedsFromIssuanceOfCommonStock,proceedsFromIssuanceOfLongTermDebtAndCapitalSecuritiesNet,proceedsFromIssuanceOfPreferredStock,proceedsFromRepurchaseOfEquity,proceedsFromSaleOfTreasuryStock,changeInCashAndCashEquivalents,changeInExchangeRate,netIncome_y
57,2010Q3,22.67703125,22.9066921875,22.5101953125,22.76078125,1172687.5,0.39,0.38,0.01,2.6316,USD,270186000,336929000,66743000,58693000,50793000,111183000,105649000,219393000,1315000,None,None,16308000,-1234000,-3046000,None,2561000,47747000,8420000,None,39327000,31346000,50793000,53354000,39327000,USD,3114649000,1495974000,883441000,1209825000,-4493000,148582000,1618675000,139102000,None,1120592000,118061000,1002531000,None,None,326384000,115492000,94107000,1064839000,837054000,None,None,None,-25288000,227785000,None,None,None,None,None,28024000,92082000,2049810000,213637000,758727000,1475000,147537000,USD,207916000,None,None,None,None,21554000,14501000,None,None,39327000,64343000,-63232000,None,75000000,75000000,None,None,None,None,None,None,None,-75000000,14031000,214010000,4983000,39327000
58,2010Q4,25.7421875,25.95263125,25.5735640625,25.8055859375,854385.9375,0.39,0.39,0,0,USD,295716000,375459000,79743000,68376000,33257000,129918000,129298000,262459000,851000,None,None,41650000,-313000,-6002000,None,3243000,39696000,14295000,None,25401000,33416000,33257000,36500000,25401000,USD,3286541000,1247755000,775407000,938561000,-1332000,181102000,2038786000,148580000,297379000,1515499000,249656000,1265843000,None,None,163154000,110999000,105948000,1186359000,921768000,16331000,None,None,294947000,264591000,None,None,None,None,None,9921000,101885000,2100182000,197586000,770674000,1485000,148479000,USD,96892000,None,None,9510000,-11661000,29429000,12366000,-2979000,-137424000,25401000,-213903000,-1437000,None,59442000,59442000,None,21411000,21411000,None,None,None,None,-1354000,58088000,-108034000,10414000,25401000
59,2011Q1,27.372258064516128,27.647701612903226,27.168750000000003,27.41758064516129,1052925.8064516129,0.44,0.4,0.04,10,USD,280339000,364644000,84305000,71070000,46662000,109189000,120740000,233677000,614000,None,None,17423000,2611000,5670000,None,3748000,52332000,4106000,None,48226000,50810000,46662000,50410000,48226000,USD,3213288000,1194277000,700612000,867128000,16959000,169165000,2019011000,149554000,None,1499194000,232670000,1266524000,None,None,166516000,109667000,106146000,1055415000,785082000,None,None,None,-302353000,270333000,None,None,None,None,None,304868000,105923000,2157873000,190332000,816700000,1492000,149246000,USD,-39633000,None,None,-113690000,9092000,31676000,10930000,-10614000,-31615000,48226000,-18579000,-13188000,None,64997000,64997000,None,655000,655000,None,None,None,None,-12533000,52464000,-74795000,-3395000,48226000
60,2011Q2,26.62063492063492,26.832539682539682,26.4306,26.62079365079365,794047.619047619,0.45,0.45,0,0,USD,307642000,393670000,86028000,71120000,51685000,129032000,123169000,255957000,551000,None,None,11340000,-396000,5574000,None,3756000,57259000,-23855000,None,81114000,94932000,51685000,55441000,81114000,USD,3209469000,1206622000,694032000,840463000,769000,210068000,2002847000,150370000,None,1477095000,220610000,1256485000,None,None,146431000,126626000,113209000,1062071000,807836000,None,None,None,-39000,254235000,None,None,None,None,None,2515000,111598000,2147398000,278016000,883487000,1465000,146485000,USD,96488000,None,None,37860000,40318000,33322000,11182000,39518000,72599000,81114000,7160000,-114264000,None,169988000,169988000,None,None,None,None,None,None,None,-113609000,56379000,-6580000,4036000,81114000
61,2011Q3,24.494375,24.828359375,24.1799921875,24.512265625,1173345.3125,0.46,0.43,0.03,6.9767,USD,302063000,386795000,84732000,84732000,58179000,117784000,122547000,243884000,521000,None,None,10467000,-483000,-2212000,None,3553000,55967000,3885000,None,52082000,49913000,58179000,61732000,52082000,USD,3368638000,1362296000,889886000,1038281000,-243000,175386000,2006342000,159059000,None,1462025000,203739000,1258286000,None,None,148395000,127395000,107055000,1247131000,982090000,11627000,753679000,None,-210270000,358294000,None,None,None,None,None,213361000,107849000,2121507000,351896000,931281000,1437000,143666000,USD,310435000,None,None,174579000,-40949000,31961000,22993000,-35684000,None,52082000,-27666000,-92299000,None,100000000,100000000,None,None,None,None,None,None,None,-100000000,10983000,195854000,5384000,52082000
62,2011Q4,26.68904761904762,27.00999365079365,26.454014285714287,26.75095238095238,1022733.3333333334,0.45,0.45,0,0,USD,305149000,390534000,85385000,85385000,56317000,119873000,125415000,248832000,431000,None,None,39230000,723000,-8859000,None,3544000,53555000,13613000,None,39942000,20537000,56317000,59861000,39942000,USD,3368844000,1338055000,855077000,1004074000,-21840000,203124000,2033279000,159517000,313459000,1485317000,196031000,1289286000,None,None,148997000,127152000,103389000,1267544000,1010320000,6956000,759763000,None,-12000,108076000,None,None,None,None,None,3091000,108076000,2101300000,358032000,957517000,1433000,143308000,USD,73026000,None,None,6884000,28206000,31591000,15125000,25754000,-174531000,39942000,-49734000,-57868000,None,66851000,-301650000,None,1842000,1842000,None,None,None,None,344004000,42354000,-34809000,-233000,39942000
63,2012Q1,29.495804838709677,29.74188870967742,29.31010806451613,29.57241935483871,850009.6774193548,0.56,0.52,0.04,7.6923,USD,335642000,425496000,89854000,89854000,70003000,129243000,132875000,265639000,478000,-17000,None,17000,25000,720000,None,3521000,73829000,17135000,17000,56694000,53484000,73846000,77367000,56694000,USD,3299000000,1289650000,811339000,943489000,4717000,213763000,2009350000,157219000,None,1477000000,181515000,1295485000,None,None,132150000,105312000,108053000,1127195000,863828000,9254000,722788000,None,-291669000,357313000,None,None,None,None,None,298299000,111031000,2171805000,347416000,1001409000,1439000,143943000,USD,-39318000,None,None,-130563000,23531000,31965000,11751000,11102000,-14133000,56694000,-1514000,25000,None,20000000,33300000,None,None,None,None,None,None,None,21106000,41106000,-43738000,-2931000,56694000
64,2012Q2,29.324920634920634,29.557998412698414,29.036428571428573,29.31015873015873,682331.746031746,0.53,0.55,-0.02,-3.6364,USD,332055000,432561000,100506000,100506000,17136000,158784000,151230000,314919000,450000,-710000,None,710000,1961000,852000,None,4905000,23489000,2518000,710000,20971000,22485000,24199000,29104000,20971000,USD,3744482000,1173541000,796594000,796594000,1746000,236314000,2570941000,157792000,None,1994528000,364113000,1630415000,None,None,132150000,110029000,113821000,1454506000,1073217000,12854000,735887000,130000000,130000000,479486000,None,270000000,None,120000000,250000000,8329000,123441000,2289976000,272383000,1009475000,1470000,146950000,USD,126774000,None,None,50025000,-445000,42897000,9373000,414000,None,20971000,-436185000,298111000,None,20000000,20000000,None,290000000,290000000,None,None,None,None,-20000000,70074000,-14745000,-3445000,20971000
65,2012Q3,31.64952380952381,31.906026984126985,31.43639047619048,31.71126984126984,751090.4761904762,0.55,0.5,0.05,10,USD,343958000,443747000,99789000,99789000,63395000,131773000,143955000,280563000,323000,-736000,None,736000,-349000,-125000,None,31577000,61085000,-14571000,736000,75656000,66575000,61821000,93398000,75656000,USD,3869271000,1293702000,963767000,963767000,-10469000,210929000,2290664000,165909000,None,1989777000,350893000,1638884000,None,None,None,111775000,112084000,1478171000,1138215000,12084000,856089000,30000000,30000000,437644000,None,255000000,None,112500000,142500000,7183000,124595000,2391100000,228104000,1079382000,1486000,148626000,USD,295680000,None,None,148870000,-36457000,40214000,13902000,-25917000,None,75656000,-33286000,-93413000,-107500000,0,0,None,250000000,250000000,None,None,None,None,17376000,17376000,167173000,-1808000,75656000
66,2012Q4,32.33806451612903,32.57234516129032,32.04885161290323,32.315490322580644,634474.1935483871,0.47,0.47,0,0,USD,351689000,454213000,102524000,102524000,39490000,153288000,153568000,312199000,316000,-528000,None,528000,39000,914000,None,34454000,42228000,13651000,528000,29081000,45343000,42756000,77210000,28577000,USD,4147656000,1140656000,700382000,700382000,29033000,292668000,2767588000,191243000,350107000,2443309000,466322000,1976987000,None,None,None,101306000,123607000,1603685000,1252639000,29855000,902048000,30000000,30000000,231217000,None,240000000,None,105000000,135000000,357920000,126217000,2501686000,168090000,1098694000,1509000,150899000,USD,102932000,None,None,82214000,61798000,41764000,22467000,67796000,13830000,29081000,-408138000,38765000,128656000,0,0,None,3938000,3938000,None,None,None,None,47340000,47340000,-263385000,3056000,28577000
67,2013Q1,33.960166666666666,34.21194333333334,33.747083333333336,34.02485,966835.0,0.67,0.55,0.12,21.8182,USD,364074000,475137000,111063000,111063000,60981000,139696000,157510000,303093000,335000,-464000,None,464000,4404000,1061000,None,39076000,71730000,1808000,464000,69922000,69184000,72194000,111270000,69922000,USD,4020546000,999782000,550365000,550365000,25994000,270217000,2738877000,193051000,None,2402451000,430797000,1971654000,None,None,None,130339000,134818000,1418387000,1022012000,14288000,832498000,30000000,30000000,269861000,None,225000000,None,97500000,127500000,10682000,172361000,2602159000,139819000,1167623000,1519000,151970000,USD,-91438000,None,None,-208238000,13472000,47064000,14805000,-20341000,-33813000,69922000,-14805000,-36417000,0,0,0,None,None,None,None,None,None,None,15615000,15615000,-150017000,-7357000,69922000
68,2013Q2,35.5196875,35.76771875,35.238984375,35.521875,628389.0625,0.66,0.63,0.03,4.7619,USD,391524000,499257000,107733000,107733000,79503000,136184000,169962000,312021000,928000,-456000,None,456000,1505000,971000,None,38947000,86707000,18016000,456000,68691000,56883000,87163000,126110000,68691000,USD,4098888000,1106369000,681018000,681018000,-2842000,251682000,2722482000,195315000,None,2377231000,397219000,1980012000,None,None,None,156333000,140234000,1399956000,1012922000,23541000,754722000,30000000,30000000,266726000,None,210000000,None,90000000,120000000,13926000,176726000,2698932000,105138000,1231378000,1535000,153605000,USD,133730000,None,None,-17178000,-8733000,47090000,16408000,-18946000,None,68691000,-14186000,15457000,0,0,0,None,None,None,None,None,None,None,24580000,59578000,130653000,-4348000,68691000
69,2013Q3,37.0159375,37.307359375,36.778475,37.048515625,535556.25,0.55,0.54,0.01,1.8519,USD,367298000,482945000,115647000,115647000,54995000,139891000,166668000,312303000,301000,-404000,None,404000,217000,222000,None,38836000,58172000,5875000,404000,52297000,40133000,58576000,97412000,52297000,USD,4288472000,1330084000,892370000,892370000,-13007000,278878000,2687643000,194198000,None,2340969000,364005000,1976964000,None,None,None,153491000,143832000,1552342000,1171682000,16188000,None,30000000,30000000,267200000,None,82500000,None,82500000,112500000,16189000,184700000,2736130000,89650000,1283068000,1543000,154348000,USD,263078000,None,None,167506000,21963000,47602000,19092000,31080000,None,52297000,-19092000,-31270000,0,35000000,35000000,None,None,None,None,None,None,None,-35000000,15336000,211352000,-1364000,52297000
70,2013Q4,37.38046875,37.694953125,37.1176828125,37.42509375,616556.484375,0.56,0.55,0.01,1.8182,USD,385766000,504875000,119109000,145409000,51014000,154002000,175057000,334752000,None,-371000,None,371000,-101000,2245000,None,37063000,59057000,2167000,371000,59057000,68366000,59428000,96491000,56890000,USD,4358935000,1447977000,1022441000,1022441000,10749000,256026000,2667892000,197600000,392112000,2311396000,335425000,1975971000,20414000,None,None,140484000,150961000,1570658000,1222919000,8575000,None,30000000,30000000,239939000,None,75000000,None,75000000,105000000,7168000,164939000,2788277000,106668000,1324854000,1542000,154169000,USD,191335000,None,None,57589000,-24761000,45648000,18763000,-29383000,None,56890000,-17996000,-45755000,0,75017000,-69999000,None,None,None,None,None,None,None,-33632000,41385000,130071000,2487000,56890000
71,2014Q1,40.13393442622951,40.417747540983605,39.81323770491803,40.12754098360656,795895.0819672131,0.59,0.52,0.07,13.4615,USD,373102000,478951000,105849000,105849000,60156000,140025000,167543000,312946000,None,-357000,None,357000,893000,9083000,None,34373000,71184000,3488000,357000,67696000,49966000,60156000,105914000,67696000,USD,4192156000,1320865000,893053000,893053000,10663000,246774000,2635831000,197335000,None,2274731000,307912000,1966819000,None,None,None,151233000,156646000,1368941000,1036703000,8084000,None,30000000,30000000,466128000,None,67500000,None,67500000,97500000,11217000,159365000,2823215000,116035000,1382199000,1541000,154053000,USD,-73892000,None,None,-179894000,12420000,43714000,16155000,-7910000,-20330000,67696000,-9364000,-41025000,0,54747000,54747000,None,4224000,4224000,None,None,None,None,-33166000,21581000,-129388000,-5107000,67696000
72,2014Q2,38.11349206349207,38.416755555555554,37.81010317460318,38.1461126984127,601363.4920634921,0.65,0.59,0.06,10.1695,USD,403612000,517697000,114085000,114085000,63834000,155359000,178043000,339778000,None,-582000,None,582000,-109000,1183000,None,39311000,68059000,4742000,582000,63317000,69889000,63834000,107952000,63317000,USD,4560536000,1328271000,821633000,821633000,3895000,322606000,3028711000,202860000,None,2653014000,398560000,2254454000,None,None,None,161896000,163232000,1641417000,1304732000,13381000,None,230000000,230000000,474409000,None,60000000,None,60000000,290000000,17847000,161530000,2919119000,94659000,1437246000,1547000,154707000,USD,63317000,None,None,48690000,65470000,47871000,15621000,67487000,None,63317000,-383073000,-25000000,0,25000000,25000000,None,None,None,None,None,None,None,-25000000,31745000,-71420000,1449000,63317000
73,2014Q3,39.6396875,39.8943359375,39.36815625,39.64390625,566116.609375,0.65,0.6,0.05,8.3333,USD,406282000,521812000,115530000,115530000,67227000,149709000,182809000,339055000,None,-715000,None,715000,80000,816000,None,40252000,70771000,5115000,715000,65656000,63998000,67227000,111738000,65656000,USD,4544929000,1314783000,903046000,903046000,-11461000,238863000,3025644000,216010000,None,2628313000,367416000,2260897000,None,None,None,165791000,171369000,1548876000,1227284000,14624000,None,30000000,30000000,463525000,None,52500000,None,52500000,82500000,20716000,164751000,2996053000,60194000,1501238000,1556000,155638000,USD,65656000,None,None,125295000,-84859000,49165000,29121000,-84411000,None,65656000,-37660000,-220034000,0,0,0,None,25000000,25000000,None,None,None,None,-7990000,-7990000,81413000,-1023000,65656000
74,2014Q4,41.45328125,41.85773125,41.1825328125,41.522578125,573950.0625,0.64,0.61,0.03,4.918,USD,417591000,539012000,121421000,150121000,57500000,163201000,190373000,360091000,None,-241000,None,241000,330000,885000,None,40572000,62128000,-327000,241000,62128000,41878000,57500000,102941000,62455000,USD,4775499000,1504735000,985762000,985762000,11420000,326727000,3062608000,249098000,437740000,2620738000,365030000,2255708000,20414000,None,0,154330000,175127000,1719329000,1386759000,28152000,1005888000,30000000,30000000,478078000,None,75000000,30000000,45000000,75000000,31404000,158972000,3056170000,49496000,1551592000,1560000,155965000,USD,172912000,None,None,146368000,93421000,52076000,46016000,89852000,24701000,62455000,-67153000,-11031000,0,40000000,-79747000,None,None,None,None,None,None,None,-3253000,58394000,82716000,-12012000,62455000
75,2015Q1,44.718360655737705,45.082606557377055,44.389881967213114,44.76672131147541,643790.8524590164,0.8,0.62,0.18,29.0323,USD,417410000,542043000,124633000,124633000,71499000,142523000,181610000,345911000,None,-653000,None,653000,3694000,1624000,None,39656000,76615000,11426000,653000,65189000,30033000,77268000,116924000,65189000,USD,4662349000,1416273000,796824000,917062000,22365000,283007000,3018361000,256092000,None,2578305000,332385000,2245920000,120238000,None,120238000,165750000,179463000,1725328000,1343104000,28240000,922158000,265000000,265000000,533285000,None,67500000,None,37500000,67500000,12024000,204157000,2937021000,162992000,1608758000,1535000,153457000,USD,-160950000,0,None,-200148000,9600000,50529000,20516000,-40857000,-50457000,65189000,-140931000,57805000,250000000,144000000,180000000,None,250000000,250000000,None,None,None,None,-169458000,10542000,-188938000,-18469000,65189000
76,2015Q2,48.60809523809524,48.94119047619048,48.304655555555556,48.68269841269841,700683.5555555555,0.68,0.63,0.05,7.9365,USD,432232000,557204000,124972000,124972000,75927000,161554000,188315000,356305000,None,-804000,None,804000,511000,1725000,None,39395000,83884000,28288000,804000,55596000,64311000,84688000,124083000,55596000,USD,4756167000,1544975000,868845000,1005424000,-19975000,338407000,3000819000,258199000,None,2554501000,302656000,2251845000,136579000,None,136579000,188115000,184330000,1691169000,1325038000,26860000,926382000,190000000,190000000,523668000,None,60000000,None,30000000,60000000,6361000,197529000,3064998000,94627000,1643207000,1551000,155054000,USD,55596000,0,None,67476000,54834000,51522000,27631000,57348000,None,55596000,-43339000,-39339000,0,0,0,None,144000000,144000000,None,None,None,None,43464000,43464000,72021000,-380000,55596000
77,2015Q3,49.1525,49.5495890625,48.6207109375,49.100625,809899.796875,0.63,0.59,0.04,6.7797,USD,426334000,555805000,129471000,129471000,61482000,160913000,197999000,364852000,None,-599000,None,599000,1111000,844000,None,39995000,65193000,9806000,599000,55387000,48052000,65792000,105787000,55387000,USD,4953972000,1627537000,986423000,1122919000,-7691000,307825000,3114702000,260667000,None,2654315000,318499000,2335816000,136496000,None,136496000,168140000,185920000,1815724000,1459343000,18690000,1003337000,190000000,190000000,517468000,None,22500000,None,22500000,212500000,25750000,204105000,3138248000,61204000,1688764000,1559000,155929000,USD,55387000,0,None,111667000,-29433000,52484000,149242000,-33467000,None,55387000,-149466000,-36000000,160000000,36000000,36000000,None,160000000,160000000,None,None,None,None,-36000000,2408000,117578000,-2871000,55387000
78,2015Q4,48.3075,48.77741875,47.846125,48.360234375,851313.890625,0.67,0.66,0.01,1.5152,USD,447315000,587159000,139844000,172144000,57558000,174514000,208305000,389757000,None,-757000,None,757000,1046000,916000,None,46640000,55918000,6156000,757000,55918000,40252000,56675000,103315000,49762000,USD,5045739000,1468807000,836188000,964935000,5991000,385694000,3461485000,263077000,454055000,2834900000,363659000,2471241000,128747000,10277000,128747000,160449000,186310000,1911750000,1578353000,9919000,1061859000,205000000,205000000,491859000,None,None,45000000,0,205000000,19565000,202021000,3133989000,98375000,1725727000,1552000,155157000,USD,49762000,66686000,None,98712000,60897000,57286000,233411000,73509000,38124000,49762000,-225893000,-75444000,50000000,80000000,-160000000,None,50000000,50000000,None,None,None,None,188490000,53350000,-150235000,-1315000,49762000
79,2016Q1,44.07065573770492,44.570932786885244,43.51049836065574,44.13049180327869,1078064.5081967213,0.68,0.62,0.06,9.6774,USD,439160000,568604000,129444000,129444000,71110000,162317000,196705000,368050000,None,-673000,None,673000,580000,2139000,None,45311000,64342000,4307000,673000,60035000,36615000,65015000,110326000,60035000,USD,4747523000,1200528000,582986000,705934000,-75162000,354766000,3266986000,261235000,None,2810224000,337380000,2472844000,122948000,None,122948000,166440000,176320000,1757140000,1433282000,20160000,1031167000,227500000,227500000,473259000,None,None,None,None,227500000,16386000,192706000,2990383000,268860000,1784317000,1515000,151509000,USD,-65419000,440000,None,-177326000,-11548000,56436000,35198000,-30365000,-18817000,60035000,-29481000,-182255000,30000000,160000000,200000000,None,1510000,1510000,None,None,None,None,-203725000,1486000,-253202000,-6296000,60035000
80,2016Q2,49.99671875,50.4569078125,49.6596359375,50.13578125,827844.28125,0.81,0.79,0.02,2.5316,USD,473375000,605005000,131630000,131630000,86806000,162479000,216172000,386569000,None,-848000,None,848000,-783000,2452000,None,39524000,97223000,27847000,848000,69376000,95108000,98071000,137595000,69376000,USD,4965263000,1403197000,827946000,959922000,4524000,299076000,3279673000,258856000,None,2820880000,320076000,2500804000,131976000,None,131976000,91278000,182457000,1815258000,1485212000,30089000,1017783000,250000000,250000000,487181000,None,None,250000000,None,250000000,23653000,204155000,3150005000,229942000,1838704000,1523000,152255000,USD,69376000,480000,None,16469000,-59519000,50790000,41775000,-63254000,None,69376000,-49216000,63488000,30000000,20000000,0,None,None,None,None,None,None,None,40508000,41278000,244960000,8254000,69376000
81,2016Q3,56.7365625,57.048171875,56.386340625,56.78484375,819001.578125,0.76,0.74,0.02,2.7027,USD,475527000,615204000,139677000,139677000,76722000,169876000,221874000,398805000,None,-1208000,None,1208000,-94000,1958000,None,39500000,85231000,20513000,1208000,64718000,58226000,86439000,125939000,64718000,USD,5108789000,1552038000,946317000,1089859000,-2153000,317067000,3278526000,258794000,None,2810527000,295436000,2515091000,143542000,None,143542000,95802000,190586000,1988043000,1663596000,26216000,1086856000,277500000,277500000,488877000,None,None,277500000,None,277500000,29420000,213273000,3120746000,270813000,1894333000,1514000,151437000,USD,64718000,4733000,None,129303000,24594000,50588000,34291000,16087000,None,64718000,-46922000,-86854000,125000000,120000000,125000000,None,125000000,125000000,None,None,None,None,-117617000,27120000,118371000,438000,64718000
82,2016Q4,59.55079365079365,60.03239047619047,59.100722222222224,59.50468253968254,793261.8253968254,0.77,0.77,0,0,USD,491508000,633719000,142211000,181011000,82757000,173658000,221954000,408751000,None,-1042000,None,1042000,452000,1105000,None,36493000,82752000,10055000,1042000,82752000,77675000,83794000,120287000,72697000,USD,5240365000,1716938000,976620000,1117315000,11010000,486633000,3404686000,257035000,506044000,2784906000,266661000,2518245000,140695000,9756000,140695000,93649000,185569000,2045219000,1714946000,13745000,1165658000,205000000,205000000,493458000,None,None,205000000,0,205000000,22693000,210855000,3195146000,294052000,1947585000,1515000,151454000,USD,72697000,67502000,None,137435000,131153000,49218000,19832000,120801000,31397000,72697000,-17056000,-101316000,0,100000000,-325000000,None,None,None,None,None,None,None,406117000,55399000,30303000,1013000,72697000
83,2017Q1,66.7709677419355,67.29412903225806,66.38987419354838,66.92193548387097,1305986.5483870967,0.94,0.78,0.16,20.5128,USD,497040000,652786000,155746000,155746000,96874000,167377000,212648000,400166000,None,-1308000,None,1308000,3222000,559000,None,38521000,108361000,21773000,1308000,86588000,92171000,109669000,148190000,86588000,USD,5264254000,1484043000,827709000,966357000,26447000,331984000,3424742000,256811000,None,2954179000,301922000,2652257000,138648000,None,138648000,104659000,197952000,1939569000,1456555000,23816000,1093789000,177040000,177040000,660407000,None,142500000,177040000,142500000,319540000,9583000,228165000,3324685000,355257000,2137395000,1505000,150428000,USD,106437000,None,None,-198688000,-83368000,49464000,206835000,-122192000,-38824000,86588000,-202789000,15877000,150000000,80000000,100000000,None,150000000,150000000,None,None,None,None,-92795000,7205000,-148911000,-8881000,86588000
84,2017Q2,73.62190476190477,74.02882222222223,73.15111904761905,73.56309523809524,1109024.9523809524,0.88,0.86,0.02,2.3256,USD,518041000,680069000,162028000,162028000,53606000,220649000,223015000,464435000,None,-1860000,None,1860000,-623000,1635000,None,36350000,62020000,8714000,1860000,53306000,73050000,63880000,100230000,53306000,USD,5466558000,1682012000,991325000,1131568000,-9937000,373770000,3417546000,259476000,None,2936147000,274609000,2661538000,140243000,None,140243000,131106000,206855000,2089063000,1593347000,33538000,1033526000,278001000,278001000,680152000,None,139688000,278001000,139688000,417689000,11796000,236838000,3377495000,376100000,2170133000,1506000,150549000,USD,53306000,None,None,42544000,39582000,47580000,14050000,41094000,None,53306000,-15666000,50962000,100000000,100000000,100000000,None,100000000,100000000,None,None,None,None,-44951000,55049000,163616000,5345000,53306000
85,2017Q3,77.45904761904762,78.00714603174603,77.03869841269841,77.57904761904761,744815.1746031746,0.92,0.92,0,0,USD,525835000,695381000,169546000,169546000,105370000,177870000,228663000,420465000,None,-2320000,None,2320000,278000,657000,None,35428000,112791000,-3960000,2320000,116751000,128336000,115111000,150539000,116751000,USD,5678939000,1894632000,1154986000,1302494000,3957000,411262000,3401812000,262025000,None,2909015000,248335000,2660680000,147508000,None,147508000,121169000,215066000,2255771000,1764398000,19873000,1129802000,298025000,298025000,682386000,None,137813000,435838000,137813000,435838000,16270000,247014000,3423168000,419370000,2277499000,1503000,150238000,USD,116751000,None,None,157581000,48425000,47068000,20096000,38685000,None,116751000,-26544000,-92729000,20000000,120000000,100000000,None,20000000,20000000,None,None,None,None,-83536000,16464000,163661000,3080000,116751000
86,2017Q4,86.60444444444444,87.19690952380952,85.94512698412697,86.51349206349207,989468.3174603175,0.69,0.57,0.12,21.0526,USD,529780000,696644000,166864000,207464000,91713000,180196000,244515000,438067000,None,-1816000,None,1816000,477000,-214000,None,33022000,99926000,220008000,1816000,-120082000,-118397000,101742000,134764000,-120082000,USD,5396414000,1682593000,1048356000,1048356000,61884000,514224000,3667374000,266014000,572035000,2960817000,253843000,2706974000,None,7826000,0,125126000,222844000,2116690000,1614109000,19954000,1147780000,9924000,9924000,700123000,None,134063000,9924000,134063000,143987000,39811000,252027000,3275620000,426208000,2143873000,1505000,150445000,USD,-283521000,None,None,119550000,62256000,45330000,91775000,40117000,-58268000,-120082000,55717000,-347230000,50000000,80000000,-280000000,None,50000000,50000000,None,None,None,None,327619000,47619000,-106630000,29000,-120082000
87,2018Q1,87.98081967213115,88.86754098360656,87.05213114754099,87.85180327868852,1009461.0327868853,1.1,1,0.1,10,USD,588270000,769426000,181156000,181156000,107718000,206884000,264411000,480552000,None,-2843000,None,2843000,-1019000,1171000,None,39006000,120103000,123794000,2843000,-3691000,25096000,122946000,161952000,-3691000,USD,5717549000,1332346000,605892000,605892000,47987000,499373000,4197857000,284441000,None,3565137000,434539000,3130598000,None,None,None,134836000,248444000,2576916000,1950414000,42097000,1241161000,440885000,440885000,846980000,None,131250000,10885000,131250000,572135000,38867000,279860000,3136529000,574082000,2133854000,1490000,148953000,USD,-101085000,None,None,-69406000,91038000,43920000,28316000,34811000,15811000,-3691000,-625018000,230364000,450000000,180000000,200000000,None,450000000,450000000,None,None,None,None,-187514000,12486000,-442464000,11555000,-3691000
88,2018Q2,87.12515625,87.86140625,86.39921875,87.15359375,983476.1875,1.08,1.08,0,0,USD,598057000,776836000,178779000,178779000,127014000,205997000,252134000,471043000,None,-3880000,None,3880000,1117000,1366000,None,42818000,119299000,16827000,3880000,102472000,77275000,123179000,165997000,102472000,USD,5699071000,1370186000,570801000,570801000,1281000,568434000,4190819000,283782000,None,3569319000,422195000,3147124000,None,None,None,182823000,243452000,2438674000,1881922000,43479000,1221816000,396847000,396847000,769728000,None,127500000,11847000,127500000,524347000,9251000,271862000,3256293000,585016000,2223287000,1490000,148961000,USD,102472000,None,None,-10128000,83836000,52909000,20296000,70646000,25186000,102472000,-54780000,-37959000,0,55000000,35000000,None,None,None,None,None,None,None,11489000,46489000,-35091000,-5782000,102472000
89,2018Q3,95.16650793650793,95.86365079365079,94.58920634920635,95.3215873015873,1093413.4761904762,0.95,0.92,0.03,3.2609,USD,594333000,779714000,185381000,185381000,63968000,242289000,277402000,530365000,None,-4558000,None,4558000,1627000,1363000,None,42350000,71893000,-7516000,4558000,79409000,47145000,76451000,118801000,79409000,USD,5795215000,1465583000,741236000,741236000,-5466000,501331000,4162205000,290446000,None,3533151000,394485000,3138666000,None,None,None,184104000,252203000,2631213000,2083405000,49473000,1243493000,497808000,497808000,768783000,None,123750000,12808000,123750000,621558000,6909000,273512000,3158139000,636533000,2296546000,1486000,148559000,USD,244048000,None,None,99823000,-43111000,53416000,21857000,-63762000,7443000,79409000,-26112000,-83060000,165000000,132000000,165000000,None,165000000,165000000,None,None,None,None,-151253000,13747000,170435000,-9599000,79409000
90,2018Q4,89.18380952380953,90.21079365079365,87.64761904761905,88.84412698412699,1366425.380952381,0.78,0.78,0,0,USD,604500000,795082000,190582000,-415582000,61525000,230368000,290875000,542975000,None,-4326000,None,4326000,1735000,1509000,None,46719000,52248000,-202080000,4326000,-172000000,235804000,56574000,103293000,254328000,USD,6145974000,1543797000,723115000,723115000,122407000,618284000,4410176000,309310000,626678000,3503653000,360404000,3143249000,None,10892000,None,178638000,246736000,2660959000,2102415000,85046000,None,343769000,343769000,653850000,None,125535000,13769000,125535000,469304000,27458000,265560000,3479152000,597682000,2543688000,1493000,149265000,USD,130918000,None,None,28754000,69258000,58962000,684100000,54090000,17311000,254328000,-37615000,-104207000,5635000,33000000,-400000000,None,5635000,5635000,None,None,None,None,451107000,51107000,-18121000,-7260000,254328000
91,2019Q1,98.59836065573771,99.68672131147541,97.92459016393443,99.09754098360655,1147338.4426229508,1.08,0.97,0.11,11.3402,USD,627509000,820401000,192892000,17443000,147414000,198020000,271326000,480095000,None,-4554000,None,4554000,819985000,-1243000,None,39783000,147055000,-6459000,4554000,153514000,168839000,151609000,191392000,153514000,USD,6344486000,1797630000,592305000,592305000,137559000,762292000,4209032000,317896000,None,3477887000,332187000,3145700000,None,None,None,67533000,358527000,2559821000,2025638000,26019000,None,414730000,414730000,763457000,None,127140000,414730000,127140000,541870000,13366000,296098000,3778802000,600112000,2820910000,1493000,149276000,USD,-144019000,None,None,-219099000,284306000,51830000,29007000,209049000,15827000,153514000,-29744000,38086000,185080000,29185000,29185000,None,185080000,185080000,None,None,None,None,-22827000,6358000,-396611000,4882000,153514000
92,2019Q2,120.25936507936508,121.39444444444445,119.06245714285714,120.28603174603175,1211934.9047619049,1.16,1.09,0.07,6.422,USD,645563000,836242000,190679000,14881000,115502000,215003000,290299000,530061000,None,-3841000,None,3841000,838960000,1385000,None,36248000,133917000,15707000,3841000,118210000,119342000,137758000,174006000,118210000,USD,6194223000,1643883000,631161000,631161000,166329000,526691000,4197673000,344176000,None,3450722000,306927000,3143795000,None,None,None,249927000,380682000,2278788000,1732927000,31219000,None,165692000,165692000,790691000,None,126152000,165692000,126152000,291844000,6983000,324217000,3909572000,567503000,2912811000,1500000,149982000,USD,352820000,None,None,58607000,-147608000,51011000,39955000,-232527000,34531000,118210000,-36533000,-275656000,3680000,80000000,100000000,None,3680000,3680000,None,None,None,None,-23006000,76994000,118210000,-1789000,118210000
93,2019Q3,135.225,136.61484375,133.6446875,135.20859375,1034794.40625,1.18,1.1,0.08,7.2727,USD,666338000,852970000,186632000,13603000,127594000,224491000,284804000,538744000,None,-2214000,None,2214000,853666000,360000,None,34525000,132911000,32982000,2214000,99929000,99996000,135125000,169650000,99929000,USD,6153408000,1617645000,686780000,686780000,155108000,457390000,4196409000,372566000,None,3426361000,283305000,3143056000,None,None,None,259849000,383509000,2213739000,1630450000,14846000,None,16653000,16653000,831799000,None,125285000,16653000,125285000,141938000,3175000,338928000,3933806000,572104000,3003430000,1504000,150373000,USD,370463000,None,None,169272000,-34069000,49292000,53396000,-65892000,-10927000,99929000,-51965000,-264747000,4137000,100000000,100000000,None,4137000,4137000,None,None,None,None,-75998000,24002000,99929000,1882000,99929000
94,2019Q4,137.3675,138.63125,135.87109375,137.17609375,948478.84375,1.15,1.13,0.02,1.7699,USD,668338000,851081000,182743000,66196000,129721000,224594000,290503000,538617000,None,-1051000,None,1051000,851670000,-1773000,None,34517000,131623000,-29091000,1051000,160714000,164920000,132674000,167191000,160714000,USD,6405160000,1738917000,728597000,728597000,141518000,592070000,4525936000,429532000,683348000,3450553000,279374000,3171179000,None,None,None,288616000,380526000,2316284000,1752453000,19815000,2605156000,17614000,17614000,813653000,None,120093000,17614000,120093000,17614000,15904000,323725000,4083013000,625642000,3164144000,1503000,150331000,USD,221249000,None,None,-28060000,99863000,49543000,116635000,97945000,-22035000,160714000,-117635000,-59575000,0,120000000,-229185000,None,None,None,None,None,None,None,278195000,49010000,39064000,None,160714000
95,2020Q1,141.6524193548387,144.3882258064516,139.4401612903226,142.23096774193547,1416939.0806451612,1.01,0.92,0.09,9.7826,USD,641513000,834381000,192868000,13169000,87516000,221599000,314283000,553997000,None,-1603000,None,1603000,834474000,-384000,None,32798000,99573000,-4488000,1603000,104061000,113197000,101176000,133974000,104061000,USD,7202903000,1951429000,700356000,700356000,148057000,799078000,4843992000,457527000,None,3513737000,282145000,3231592000,None,None,None,290052000,397076000,3048213000,2055738000,26579000,3002882000,208576000,140302000,1258128000,527426000,122516000,68274000,122516000,858518000,18807000,284211000,4148827000,664352000,3268205000,1502000,150202000,USD,9820000,16204000,None,64155000,270701000,52232000,54605000,246364000,5561000,104061000,-133558000,93480000,196490000,80000000,100000000,None,196490000,196490000,None,None,None,None,-85018000,14982000,-28245000,2013000,104061000
96,2020Q2,164.3474603174603,167.25515873015874,162.02984126984126,165.0447619047619,1056962.492063492,1.22,0.99,0.23,23.2323,USD,677062000,861327000,184265000,13845000,125895000,208674000,302571000,551167000,None,-1846000,None,1846000,866366000,-1341000,None,35278000,110166000,246000,1846000,109920000,89201000,112012000,147290000,109920000,USD,7322466000,1960755000,856424000,856424000,166437000,634807000,5361711000,470412000,None,3590554000,279311000,3311243000,None,None,None,281991000,392794000,3041517000,2054197000,51756000,3043328000,193877000,121412000,1230973000,534559000,114370000,72465000,114370000,121412000,16754000,261114000,4275086000,634669000,3356489000,1509000,150908000,USD,379919000,17925000,None,43216000,-116761000,52846000,26058000,-161831000,19676000,109920000,-103175000,-114171000,80000000,100000000,100000000,None,80000000,80000000,None,None,None,None,-16621000,83379000,91995000,-6437000,109920000
97,2020Q3,203.53609375,206.1298421875,200.4649921875,203.58578125,793318.515625,1.74,1.35,0.39,28.8889,USD,771126000,964134000,193008000,13718000,210598000,229972000,322602000,560528000,None,-941000,None,941000,964257000,141000,None,34527000,236854000,-16057000,941000,252911000,284121000,237795000,272322000,252911000,USD,7663250000,2186015000,1049922000,1049922000,159813000,638489000,5477235000,484529000,None,3631745000,275338000,3356407000,None,None,None,284278000,416544000,3061933000,2056277000,37126000,3003048000,96109000,24248000,1275140000,542076000,107104000,71861000,107104000,24248000,20653000,289411000,4595925000,554304000,3597944000,1519000,151758000,USD,399423000,18637000,None,97437000,52012000,54078000,39571000,5134000,-4941000,252911000,-88192000,-130785000,0,20000000,0,None,None,None,None,None,None,None,24876000,24876000,233803000,13124000,252911000
98,2020Q4,230.6808546875,233.573109375,227.7076109375,230.63453125,720420.34375,1.58,1.58,0,0,USD,800890000,1025439000,224549000,73820000,196132000,256295000,339566000,604758000,None,-750000,None,750000,1025728000,-5832000,None,31229000,192466000,-4989000,750000,196555000,216201000,193216000,224445000,197455000,USD,8030062000,2549217000,1235653000,1235653000,192333000,831641000,5750582000,483818000,769530000,3619436000,254322000,3365114000,None,None,0,316831000,414227000,3117695000,2139922000,30003000,2986226000,27084000,27084000,1247510000,535584000,100823000,27084000,100823000,27084000,27738000,284511000,4907404000,488613000,3795397000,1528000,152618000,USD,202151000,95909000,None,-91035000,180543000,50830000,239573000,147139000,34728000,196555000,-35493000,10870000,-1000,42078000,42078000,None,1000,1000,None,None,None,None,32088000,74166000,168828000,None,197455000
99,2021Q1,254.5366426229508,258.14329344262296,250.35488688524592,253.95491803278688,953967.9672131147,1.52,1.47,0.05,3.4014,USD,762322000,970321000,207999000,11886000,148348000,248116000,357468000,613974000,None,-739000,None,739000,970006000,-1366000,None,29704000,177421000,15076000,739000,162028000,181644000,178160000,207864000,162345000,USD,8012838000,2397724000,1023074000,1023074000,230907000,789320000,5615114000,486604000,None,3687378000,254375000,3433003000,None,None,None,308167000,447840000,3125940000,2171383000,25378000,3306078000,97421000,97421000,1263896000,532649000,25658000,97421000,25658000,97421000,32227000,336834000,4882252000,628216000,3954542000,1526000,152364000,USD,173958000,20644000,None,-18846000,115348000,50628000,27779000,14910000,37764000,162028000,-103460000,-293064000,0,202871000,252871000,None,None,None,None,None,None,None,-237779000,15092000,-212565000,10001000,162345000
100,2021Q2,253.63095238095238,256.3900841269841,250.8046031746032,253.79809523809524,871477.8571428572,1.7,1.52,0.18,11.8421,USD,810337000,1024323000,213986000,11408000,194231000,245448000,362345000,616106000,None,-807000,None,807000,1027165000,-2076000,None,29106000,216271000,21193000,807000,194802000,188498000,217078000,246184000,195078000,USD,8339565000,2689800000,1457918000,1457918000,230068000,612285000,5649765000,478975000,None,3666386000,233809000,3432577000,None,None,None,329233000,474699000,3247060000,2255700000,44131000,3360622000,89945000,89945000,1318788000,576563000,25620000,89945000,25620000,89945000,25473000,343659000,5088135000,701457000,4149620000,1526000,152554000,USD,526338000,21959000,None,105560000,-91189000,49438000,16281000,-172547000,541000,194802000,-17290000,-70673000,0,195211000,145211000,None,None,None,None,None,None,None,-57100000,88111000,172843000,-3544000,195078000
101,2021Q3,303.34578125,305.7268265625,300.6875515625,303.55734375,680765.109375,1.81,1.78,0.03,1.6854,USD,852064000,1057130000,205066000,11870000,201923000,255274000,371146000,650141000,None,-757000,None,757000,1059886000,-1715000,None,30020000,213591000,14945000,757000,198392000,191590000,214348000,244368000,198646000,USD,8485906000,2763976000,1385395000,1530168000,241103000,577845000,5721930000,470129000,None,3735155000,249974000,3485181000,144773000,None,144773000,356872000,484577000,3330770000,2334636000,41305000,3292730000,82468000,82468000,1332135000,566863000,24754000,82468000,24754000,82468000,14536000,355447000,5151020000,757341000,4348266000,1526000,152597000,USD,421767000,21913000,None,117605000,18416000,51208000,22897000,-31359000,13143000,198392000,-265122000,-225672000,0,140000000,175000000,None,None,None,None,None,None,None,-164227000,10773000,176479000,-3472000,198646000
102,2021Q4,337.1114109375,341.2902765625,332.9627390625,337.2321875,690163.734375,1.82,1.78,0.04,2.2472,USD,917693000,1152419000,234726000,75897000,190288000,286641000,413864000,727405000,None,-1064000,None,1064000,1152428000,-90000,None,31536000,199388000,-2059000,1064000,201137000,200254000,200452000,231988000,201447000,USD,8752260000,2808341000,1432840000,1580789000,229023000,604090000,6287739000,472398000,804347000,3854917000,279132000,3575785000,147949000,None,147949000,379136000,510698000,3453317000,2413484000,27413000,3307852000,74992000,74992000,1383653000,566681000,25094000,74992000,25094000,74992000,46443000,391433000,5295137000,782866000,4549713000,1531000,153062000,USD,370559000,174971000,None,-79186000,58976000,52402000,324800000,-12710000,-3402000,201137000,-163158000,-159339000,0,214999000,214999000,None,None,None,None,None,None,None,-118256000,96743000,45077000,None,201447000
103,2022Q1,312.2924209677419,318.55725,305.7514806451613,312.13838709677424,983342.9032258064,2.4,2.37,0.03,1.2658,USD,1013271000,1270255000,256984000,13360000,347036000,261518000,383971000,666235000,None,-500000,None,500000,1269231000,472000,None,32112000,327589000,13902000,500000,313341000,311834000,328089000,360201000,313687000,USD,8901346000,2947497000,1124299000,1272047000,212919000,1038749000,6282612000,477521000,None,3853598000,260810000,3592788000,147748000,None,147748000,397617000,512325000,3511113000,2471656000,29203000,4019280000,0,0,1368222000,556235000,24370000,None,24370000,0,713778000,380135000,5386773000,856929000,4863400000,1533000,153256000,USD,155744000,20620000,None,131765000,469801000,61685000,41751000,466684000,-9155000,313341000,-68025000,-394597000,0,210000000,250000000,None,None,None,None,None,None,None,-219165000,30835000,-308598000,-1720000,313687000
104,2022Q2,301.89322580645165,307.2105693548387,296.4254048387097,301.6548387096774,1000386.7258064516,2.5,2.37,0.13,5.4852,USD,1026418000,1279229000,252811000,14455000,363701000,265530000,389964000,662717000,None,-400000,1283000,400000,1284081000,-338000,None,28960000,340677000,45896000,400000,293892000,233139000,341077000,370037000,294781000,USD,9210381000,3074246000,1573620000,1720521000,213532000,722992000,6433841000,491641000,None,3949454000,333321000,3616133000,146901000,None,146901000,423782000,504147000,3599435000,2462658000,74471000,3922356000,0,0,1434480000,656487000,23775000,None,23775000,0,511530000,345774000,5564311000,999234000,5157633000,1530000,152955000,USD,749957000,21251000,None,11403000,-296623000,50277000,25616000,-296899000,1430000,293892000,-117990000,-164466000,0,290000000,250000000,None,None,None,None,None,None,None,-160125000,89875000,293892000,None,294781000
105,2022Q3,337.90484375,342.37185625,333.8930515625,338.58328125,1025483.96875,2.1,1.99,0.11,5.5276,USD,976585000,1247766000,271181000,19330000,233928000,290707000,444826000,742657000,None,-439000,2735000,439000,1247390000,1598000,None,34197000,239334000,16708000,439000,219646000,180232000,239773000,273970000,222626000,USD,9329547000,2899028000,1383559000,1531158000,219736000,682647000,6725934000,486872000,None,4259541000,404652000,3854889000,147599000,None,147599000,417201000,492176000,3677905000,2545863000,71998000,3841116000,0,0,1427455000,647100000,21960000,None,21960000,0,664101000,352188000,5604026000,1034841000,5377586000,1530000,153004000,USD,439694000,21017000,None,64829000,24623000,57746000,35567000,-47999000,7607000,219646000,-345313000,-266168000,0,217266000,257266000,None,None,None,None,None,None,None,-216560000,40706000,219646000,None,222626000
106,2022Q4,313.6990634920635,317.8770698412699,308.50538888888894,313.005873015873,989603.4920634921,1.91,1.85,0.06,3.2432,USD,1001571000,1284292000,282721000,92691000,217373000,315862000,461618000,784198000,None,-359000,3669000,359000,1285534000,8981000,None,33847000,214072000,60572000,359000,151557000,74716000,214431000,248278000,153500000,USD,9418087000,3012669000,1417608000,1565521000,211927000,842345000,6684514000,483300000,866355000,4228680000,386446000,3842234000,147913000,None,147913000,465487000,463695000,3858897000,2774499000,37580000,4130588000,0,54274000,1363494000,635547000,20824000,None,20824000,656371000,771823000,327829000,5515725000,1272955000,5534307000,1524000,152375000,USD,393505000,189996000,None,-242063000,157535000,58697000,458522000,129604000,-1202000,151557000,-41295000,-291069000,0,382734000,342734000,None,None,None,None,None,None,None,-266194000,76540000,61141000,None,153500000
107,2023Q1,355.8381451612903,360.93967580645165,352.41682741935483,357.2746774193548,793858.7741935484,2.62,2.5,0.12,4.8,USD,1076986000,1361340000,284354000,18640000,255932000,308149000,465329000,821054000,None,-264000,6899000,264000,1364040000,-6240000,None,32633000,282133000,10597000,264000,268627000,363480000,282397000,315030000,271536000,USD,9565624000,3028399000,1154873000,1301923000,220881000,1035323000,6851069000,516925000,None,4225987000,361154000,3864833000,147050000,None,147050000,470272000,488339000,3886873000,2724997000,70245000,4335742000,None,66326000,1475720000,669864000,20569000,None,20569000,690433000,593349000,364975000,5636754000,1321180000,5805843000,1524000,152380000,USD,114751000,21053000,None,-63156000,300521000,57294000,43500000,237360000,8610000,268627000,-36247000,-376775000,0,260724000,305724000,None,None,None,None,None,None,None,-283386000,22338000,-298271000,None,271536000
108,2023Q2,402.1496774193548,407.0214919354839,398.2836516129032,402.78483870967744,978038.9838709678,2.54,2.46,0.08,3.252,USD,1096849000,1394863000,298014000,17872000,287332000,313198000,485597000,809517000,None,-312000,8099000,312000,1392489000,-3992000,None,31546000,294547000,21637000,312000,269948000,269246000,294859000,326405000,272910000,USD,9790732000,3160935000,1544592000,1695438000,256426000,779892000,6940669000,546439000,None,4245362000,357113000,3888249000,150846000,None,150846000,429179000,486878000,3917910000,2748680000,84397000,4320442000,None,78056000,1480102000,669723000,20201000,None,20201000,689924000,617419000,365949000,5831859000,1428748000,6075009000,1523000,152251000,USD,702940000,22867000,None,-23519000,-235275000,59628000,47868000,-246649000,40038000,269948000,-91465000,-214395000,0,300000000,300000000,None,None,None,None,None,None,None,-189530000,110470000,397080000,None,272910000
109,2023Q3,447.7695238095238,452.53688412698415,442.66921746031744,447.5063492063492,792421.0952380953,2.88,2.74,0.14,5.1095,USD,1179806000,1487288000,307482000,18374000,295474000,336848000,507402000,884332000,None,-342000,11877000,342000,1487314000,-7569000,None,32325000,324479000,-11773000,342000,333055000,334965000,324821000,357146000,336252000,USD,9923231000,3268312000,1686144000,1834587000,282791000,666577000,6985888000,535973000,None,4224583000,336723000,3887860000,148443000,None,148443000,484357000,505826000,3923350000,2729982000,66550000,3878372000,None,80192000,1523592000,671019000,18165000,None,18165000,689184000,838914000,389516000,5958555000,1542889000,6389825000,1521000,152125000,USD,559522000,22636000,None,3939000,8276000,63111000,45152000,-103222000,29271000,333055000,-53841000,-351407000,0,300000000,300000000,None,None,None,None,None,None,None,-267967000,32033000,154274000,None,336252000
110,2023Q4,511.68174603174606,517.3116349206349,505.4366777777778,511.33984126984126,900866.1746031746,3.17,3.04,0.13,4.2763,USD,1266785000,1599128000,332343000,103978000,430521000,341132000,488485000,836264000,None,-260000,9799000,260000,1597247000,-4131000,None,39181000,412386000,63196000,260000,346495000,300060000,412646000,451827000,349190000,USD,10333131000,3430624000,1438913000,1590552000,325590000,1006983000,7203963000,557261000,944068000,4444530000,374194000,4070336000,151639000,None,151639000,567515000,470973000,4148830000,2985451000,155891000,3902256000,None,85690000,1464110000,669725000,18078000,None,18078000,687803000,1123761000,386138000,6147308000,1675650000,6741699000,1521000,152053000,USD,326061000,121379000,None,253232000,435676000,67087000,352994000,290943000,45833000,346495000,-300548000,-254294000,0,300000000,300000000,None,None,None,None,None,None,None,-211855000,88145000,None,None,349190000
