,Quarter,1. open,2. high,3. low,4. close,5. volume,reportedEPS,estimatedEPS,surprise,surprisePercentage,reportTime,reportedCurrency_x,grossProfit,totalRevenue,costOfRevenue,costofGoodsAndServicesSold,operatingIncome,sellingGeneralAndAdministrative,researchAndDevelopment,operatingExpenses,investmentIncomeNet,netInterestIncome,interestIncome,interestExpense,nonInterestIncome,otherNonOperatingIncome,depreciation,depreciationAndAmortization,incomeBeforeTax,incomeTaxExpense,interestAndDebtExpense,netIncomeFromContinuingOperations,comprehensiveIncomeNetOfTax,ebit,ebitda,netIncome_x,reportedCurrency_y,totalAssets,totalCurrentAssets,cashAndCashEquivalentsAtCarryingValue,cashAndShortTermInvestments,inventory,currentNetReceivables,totalNonCurrentAssets,propertyPlantEquipment,accumulatedDepreciationAmortizationPPE,intangibleAssets,intangibleAssetsExcludingGoodwill,goodwill,investments,longTermInvestments,shortTermInvestments,otherCurrentAssets,otherNonCurrentAssets,totalLiabilities,totalCurrentLiabilities,currentAccountsPayable,deferredRevenue,currentDebt,shortTermDebt,totalNonCurrentLiabilities,capitalLeaseObligations,longTermDebt,currentLongTermDebt,longTermDebtNoncurrent,shortLongTermDebtTotal,otherCurrentLiabilities,otherNonCurrentLiabilities,totalShareholderEquity,treasuryStock,retainedEarnings,commonStock,commonStockSharesOutstanding,reportedCurrency,operatingCashflow,paymentsForOperatingActivities,proceedsFromOperatingActivities,changeInOperatingLiabilities,changeInOperatingAssets,depreciationDepletionAndAmortization,capitalExpenditures,changeInReceivables,changeInInventory,profitLoss,cashflowFromInvestment,cashflowFromFinancing,proceedsFromRepaymentsOfShortTermDebt,paymentsForRepurchaseOfCommonStock,paymentsForRepurchaseOfEquity,paymentsForRepurchaseOfPreferredStock,dividendPayout,dividendPayoutCommonStock,dividendPayoutPreferredStock,proceedsFromIssuanceOfCommonStock,proceedsFromIssuanceOfLongTermDebtAndCapitalSecuritiesNet,proceedsFromIssuanceOfPreferredStock,proceedsFromRepurchaseOfEquity,proceedsFromSaleOfTreasuryStock,changeInCashAndCashEquivalents,changeInExchangeRate,netIncome_y
20,2004Q4,76.845625,77.2990625,76.5421875,76.97828125,234034.375,1.63,1.54,0.09,5.8442,pre-market,JPY,867638027200,4635953328400,3768315301200,3768315301200,422121906800,445413514200,0,445516120400,None,None,None,49495000,None,None,None,-10465832400,446439576200,172686234600,None,0,None,422121906800,411656074400,296018887000,JPY,23078802141200,8780935989800,1382515938800,1382515938800,1179150450400,None,14297866151400,53565008000,None,None,None,None,None,None,591524743000,995895777200,None,13884978802600,7618612956200,None,None,None,3550277126200,6266365846400,None,46041585000,None,None,8269546689000,1414631679400,None,8703468308800,-10145773000,9025754383000,396367750600,1641023797,JPY,None,None,None,None,None,None,0,None,None,None,None,None,None,None,None,None,None,None,None,None,None,None,None,None,None,None,3276076000
21,2005Q1,78.31786885245903,78.6660655737705,77.90885245901639,78.25016393442624,243209.83606557376,1.73,1.73,0,0,pre-market,JPY,1065230288000,5548994492540,4483764204540,4483764204540,447169990060,618162904140,7032000000,618060297940,None,None,None,55418000,None,None,None,-3308936160,461804734540,150341690960,None,0,None,447169990060,443861053900,333963911220,JPY,24299395007440,9426304558300,1481529193760,1481529193760,1304809440480,None,14873090449140,53968000000,None,None,None,None,None,None,605865659000,976355190300,None,14763498466220,8215216637460,None,None,None,3527532162560,6548281828760,None,46698000000,None,None,8535092258840,2021958325500,None,9031687633500,-10237000000,9318535534000,396439883420,1670428609,JPY,22078000000,None,None,None,None,None,17909000000,None,None,None,None,3905000000,None,None,None,None,1539000000,1539000000,None,None,None,None,None,None,None,None,2331124000
22,2005Q2,72.9040625,73.1940625,72.4834375,72.829375,283007.8125,1.73,1.64,0.09,5.4878,pre-market,JPY,975431183520,4980422512080,4004991328560,4004991328560,404969212080,570461971440,0,570461971440,None,None,None,37228000,None,None,None,3438522480,421718144160,174920966160,None,0,None,404969212080,408407734560,266873712480,JPY,25096666380720,9608895610320,1672009285920,1672009285920,1386279159840,None,15487770770400,54320151000,None,None,None,None,None,None,498696679680,1018357254480,None,15418334800320,8692695749520,None,None,None,3981587191680,6725639050800,None,46840132000,None,None,9175198097520,1529366063040,None,9165104370240,-10467974000,9465697787040,396982966320,1804999000,JPY,None,None,None,None,None,None,0,None,None,None,None,None,None,None,None,None,None,None,None,None,None,None,None,None,None,None,2406447000
23,2005Q3,79.98546875,80.37515625,79.62890625,80.0721875,320815.625,1.48,1.66,-0.18,-10.8434,pre-market,JPY,971859758100,4847044166580,3875184408480,3875184408480,394303871500,577555886600,3293918000,577555886600,None,None,None,60292000,None,None,None,-14070123760,423578806420,145807330900,None,0,None,394303871500,380233747740,296834223840,JPY,26227845376040,9775105013520,1693974819460,1693974819460,1441733810440,None,16452740362520,56822650000,None,None,None,None,None,None,577102011640,1036536939900,None,16019970588160,9064336826160,None,None,None,4248383094340,6955633762000,None,46850507000,None,None,9550096502100,1586519922680,None,9681720240500,-10231415000,9760921421020,396573246300,1804998746,JPY,11823268000,None,None,None,None,None,11839191000,None,None,None,None,4324866000,None,None,None,None,1153888000,1153888000,None,None,None,None,None,None,None,None,2629478000
24,2005Q4,94.84269841269841,95.39158730158731,94.37285714285714,94.9684126984127,402150.79365079367,1.62,1.71,-0.09,-5.2632,pre-market,JPY,1042791159330,5341750567790,4298959408460,4298959408460,482950849530,559840309800,3293918000,559840309800,None,None,None,43264000,None,None,None,-140432516530,640981721790,259723384230,None,0,None,482950849530,342518333000,398148034670,JPY,27588434405910,10137833998180,1464443038230,1464443038230,1552080487570,None,17450600407730,57169333000,None,None,None,None,None,None,682438251060,118109770,None,16820721004320,9473112212620,None,None,None,4722382933910,7347608791700,None,47118875000,None,None,10285471210680,1603103908210,None,10210471506730,-9822141000,10071456307440,397675595590,1629113000,JPY,None,None,None,None,None,None,0,None,None,None,None,None,None,None,None,None,None,None,None,None,None,None,None,None,None,None,3372701000
25,2006Q1,105.76209677419355,106.38806451612903,105.27129032258064,105.93532258064516,384953.22580645164,2.08,1.75,0.33,18.8571,pre-market,JPY,1006988486540,5388215457700,4381226971160,4381226971160,557461104950,449527381590,6918000000,449527381590,None,None,None,43216000,None,None,None,14528775790,560515995310,198974338080,None,0,None,557461104950,571989880740,383587018840,JPY,28788489138150,10756473798150,1572504732000,1572504732000,1624176107550,None,18032015340000,60157000000,None,None,None,None,None,None,636181742250,50376648600,None,17616407989050,10048611263850,None,None,None,4766360712750,7567796725200,None,48016000000,None,None,10417961551950,2098506931750,None,10581332552550,-10462000000,10480461552900,397834281000,1621661000,JPY,21414000000,None,None,None,None,None,23591000000,None,None,None,None,7465000000,None,None,None,None,2082000000,2082000000,None,None,None,None,None,None,None,None,3272374000
26,2006Q2,110.1931746031746,110.79190476190476,109.18412698412699,109.91873015873016,379182.5396825397,1.97,1.81,0.16,8.8398,pre-market,JPY,1101694906000,5645212962200,4543518056200,4543518056200,513055424000,588639482000,0,588639482000,None,None,None,82395000,None,None,None,-19926706200,555313783700,230645898200,None,0,None,513055424000,493128717800,371965182400,JPY,28779546253900,10552336145900,1401855233300,1401855233300,1644754910600,None,18227210108000,63453140000,None,None,None,None,None,None,662505720500,-114521300,None,17731103836400,9971827676200,None,None,None,4872423229800,7759276160200,None,51169698000,None,None,10739234907500,1645556559700,None,10466101607000,-12150284000,10666399360700,397503432300,1612290600,JPY,None,None,None,None,None,None,0,None,None,None,None,None,None,None,None,None,None,None,None,None,None,None,None,None,None,None,3244293000
27,2006Q3,106.03682539682539,106.60031746031746,105.2004761904762,105.90015873015874,299355.55555555556,2,1.85,0.15,8.1081,pre-market,JPY,1150559461880,5830107162450,4679547700570,4679547700570,580591094890,569850336680,3332672000,569968366990,None,None,None,95273000,None,None,None,-14045606890,611042914870,225910013340,None,0,None,580591094890,566545488000,405434114850,JPY,30028681318650,10895613976720,1905127233710,1905127233710,1701879039890,None,19133067341930,64647758000,None,None,None,None,None,None,484514422550,19829092080,None,18444124422460,10418063342460,None,None,None,5202185913250,8026061080000,None,51763310000,None,None,11305887334280,1708842828180,None,10987559588210,-11780693000,11051650046540,396817902220,1620878500,JPY,13314628000,None,None,None,None,None,12486236000,None,None,None,None,3990762000,None,None,None,None,1511111000,1511111000,None,None,None,None,None,None,None,None,3342841000
28,2006Q4,120.56634920634922,121.17682539682541,119.95095238095237,120.6352380952381,450157.14285714284,2.09,1.9,0.19,10,pre-market,JPY,1203856879890,6146181604430,4942324724540,4942324724540,574727678840,629248241580,3332672000,629129201050,None,None,None,99311000,None,None,None,-14284863600,615915702220,240223789540,None,0,None,574727678840,560442815240,426760300050,JPY,31015057767260,10915421398350,1435985913390,1435985913390,1820486825290,None,20099636368910,66348639000,None,None,None,None,None,None,503779522960,1066126986680,None,19126003874040,10817570082690,None,None,None,5556811940400,8308433791350,None,53096774000,None,None,11875959434920,1867150713050,None,11270043137220,-12818333000,11323968497310,397000167550,1610794000,JPY,None,None,None,None,None,None,0,None,None,None,None,None,None,None,None,None,None,None,None,None,None,None,None,None,None,None,3585708000
29,2007Q1,132.70852459016393,133.34639344262294,131.70131147540982,132.57737704918034,592531.1475409836,2.26,1.95,0.31,15.8974,pre-market,JPY,1255184749610,6284098159130,5028913409520,5028913409520,566229601590,688955148020,7546000000,688955148020,None,None,None,141021000,None,None,None,-12700470580,595932004670,199869633320,None,0,None,566229601590,553529131010,437026716750,JPY,32511456921120,11761177803360,1896671511360,1896671511360,1800412309920,None,20750279117760,68281000000,None,None,None,None,None,None,461266552800,1069219404000,None,20071398433920,11744329497600,None,None,None,5854020419520,8327068936320,None,53059000000,None,None,12105448778400,2370545382880,None,11813018744160,-12915000000,11741855270880,396229736160,1592098000,JPY,27431000000,None,None,None,None,None,24022000000,None,None,None,None,7469000000,None,None,None,None,2873000000,2873000000,None,None,None,None,None,None,None,None,3754158000
30,2007Q2,122.92269841269841,123.52238095238096,122.24761904761905,122.94349206349206,664969.8412698413,2.2,2.13,0.07,3.2864,pre-market,JPY,1273600558890,6523800561300,5250200002410,5250200002410,675534190650,598066368240,0,598066368240,None,None,None,92268000,None,None,None,-34608041490,739208060580,304205916300,None,0,None,675534190650,640926149160,491655877680,JPY,34191020748060,12455939089440,2027095213110,2027095213110,1933247072130,None,21735081658620,68147565000,None,None,None,None,None,None,583902934890,1186526233860,None,21244780544130,12261222670950,None,None,None,6320709243090,8983557873180,None,54777041000,None,None,13080854400900,1982511188130,None,12287578973010,-12866156000,12034607737350,397068774960,1605211000,JPY,None,None,None,None,None,None,0,None,None,None,None,None,None,None,None,None,None,None,None,None,None,None,None,None,None,None,3983637000
31,2007Q3,118.83253968253968,119.47539682539683,117.81492063492064,118.65698412698413,499442.85714285716,2.54,2.3,0.24,10.4348,pre-market,JPY,1177706586030,6493862863030,5316156277000,5316156277000,597177727790,580643678030,0,580528858240,None,None,None,119822000,None,None,None,-229639580,623701099280,219994717640,None,0,None,597177727790,596948088210,451126954910,JPY,33912828715030,12432457221620,2012905738490,2012905738490,1918409051320,None,21480371493410,71532912000,None,None,None,None,None,None,678355319320,1190910861880,None,20871941426200,12401111418950,None,None,None,6711331545290,8470830007250,None,54882621000,None,None,13025271797390,1898774867230,None,12389399800370,-14116091000,12491474593680,397276473400,1598968000,JPY,14581630000,None,None,None,None,None,12382525000,None,None,None,None,5176603000,None,None,None,None,1947082000,1947082000,None,None,None,None,None,None,None,None,4213371000
32,2007Q4,110.76265625,111.62671875,109.76703125,110.6646875,529851.5625,2.46,2.22,0.24,10.8108,pre-market,JPY,1259081277150,6732536157160,5473454880010,5473454880010,603554274000,655527003150,0,655527003150,None,None,None,101230000,None,None,None,-10953392380,654856387290,251704486120,None,0,None,603554274000,592600881620,460154249270,JPY,34615402384240,12763496355450,1694646278220,1694646278220,2020900894110,None,21851906028790,75088202000,None,None,None,None,None,None,897395789990,1302336000120,None,21397899091570,12991841055780,None,None,None,7449312742190,8406058035790,None,55564041000,None,None,13677210464700,1863641474940,None,12539287119590,-15345233000,12777579288510,398345820840,1595457500,JPY,None,None,None,None,None,None,0,None,None,None,None,None,None,None,None,None,None,None,None,None,None,None,None,None,None,None,4345092000
37,2009Q1,64.43655737704918,65.24196721311475,63.21885245901639,64.25327868852459,1160647.5409836066,-1.1048,None,0,None,pre-market,JPY,-74613689740,3553270561710,3627884251450,3627884251450,-682315043110,607701353370,9204000000,607701353370,None,None,None,50000000,None,None,None,386924393880,-914358496940,-214814692320,None,0,None,-491178225710,-104253831830,-765396878510,JPY,29062037000000,11298929000000,2489458000000,2489458000000,1459394000000,None,17763108000000,75350000000,None,None,None,None,None,None,495326000000,1237874000000,None,18461300000000,10589293000000,None,None,None,6317184000000,7872007000000,None,64150000000,None,None,12618653000000,2330361000000,None,10061207000000,-12836000000,11531622000000,397050000000,1567298500,JPY,350860628000,None,None,None,None,386924393880,1830003724560,None,1958000000,None,None,74249613660,None,None,None,None,470454800,470454800,None,None,None,None,-118416720,None,None,None,-765396878510
38,2009Q2,77.28968253968254,78.15841269841269,76.41825396825398,77.35126984126984,870422.2222222222,-5.2107,None,0,None,pre-market,JPY,283262000000,3836077000000,3552815000000,3552815000000,-194863000000,478125000000,0,478125000000,None,None,None,8800000000,None,None,None,334712000000,-138508000000,-47797000000,None,0,None,-172088000000,162624000000,-77822000000,JPY,29404542000000,11705931000000,2730461000000,2730461000000,1483992000000,None,17698611000000,75015000000,None,None,None,None,None,None,431857000000,1407583000000,None,18802581000000,10618117000000,None,None,None,6122822000000,8184464000000,None,68093000000,None,None,12688294000000,728299000000,None,10066208000000,-13075000000,11344044000000,4118000000,1567959000,JPY,558954000000,None,None,None,None,334712000000,388562000000,None,None,None,None,-96095000000,None,None,None,None,109756000000,109756000000,None,None,None,None,None,None,None,None,-87165000000
39,2009Q3,81.71953125,82.39671875,81.104375,81.8528125,503146.875,-0.51,-2.09,1.58,75.5981,pre-market,JPY,517457000000,4541566000000,4024109000000,4024109000000,58004000000,459453000000,0,459453000000,None,None,None,10365000000,None,None,None,351761000000,75533000000,5705000000,None,0,None,75196000000,426957000000,21836000000,JPY,28538759000000,11600862000000,2771912000000,2771912000000,1460746000000,None,16937897000000,76755000000,None,None,None,None,None,None,769694000000,1080168000000,None,18040489000000,9639195000000,None,None,None,5055207000000,8401294000000,None,77358000000,None,None,11977969000000,701508000000,None,9973659000000,-14084000000,11365880000000,4437000000,1568012500,JPY,1009042000000,None,None,None,None,351761000000,304381000000,None,None,None,None,-520625000000,None,None,None,None,1226000000,1226000000,None,None,None,None,None,None,None,None,22188000000
40,2009Q4,80.20703125,80.7284375,79.65140625,80.21109375,434940.625,0.15,-0.19,0.34,178.9474,pre-market,JPY,731985000000,5292890000000,4560905000000,4560905000000,189109000000,542876000000,0,542876000000,None,None,None,7240000000,None,None,None,360185000000,224887000000,115719000000,None,0,None,210642000000,570827000000,153219000000,JPY,29552531000000,12371090000000,2506727000000,2506727000000,1416601000000,None,17181441000000,72720000000,None,None,None,None,None,None,1375643000000,1061860000000,None,18882035000000,10414522000000,None,None,None,5664319000000,8467513000000,None,74294000000,None,None,12579640000000,767717000000,None,10133132000000,-13541000000,11456379000000,4266000000,1568005000,JPY,483340000000,None,None,None,None,360185000000,343133000000,None,None,None,None,414151000000,None,None,None,None,62720000000,62720000000,None,None,None,None,None,None,None,None,167588000000
41,2010Q1,79.76344262295082,80.3439344262295,78.92524590163934,79.72049180327869,2266950.770491803,1.09,-0.06,1.15,1916.6667,pre-market,JPY,734472000000,5280440000000,4545968000000,4545968000000,95266000000,639206000000,7766000000,639206000000,None,None,None,7004000000,None,None,None,367911000000,129556000000,-154881000000,None,0,None,111990000000,479901000000,112223000000,JPY,30349287000000,13073604000000,2258470000000,2258470000000,1422373000000,None,17275683000000,71851000000,None,None,None,None,None,None,1793165000000,1143448000000,None,19418844000000,10686214000000,None,None,None,5497997000000,8732630000000,None,75111000000,None,None,12513406000000,2418491000000,None,10359723000000,-13495000000,11568602000000,4251000000,1567999000,JPY,507194000000,None,None,None,None,367911000000,401525000000,None,600000000,None,None,-75413000000,None,None,None,None,78400000000,78400000000,None,None,None,None,-10251000000,None,None,None,141601000000
42,2010Q2,75.10571428571428,75.65714285714286,74.45904761904762,75.04396825396826,951525.3968253968,0.79,-0.46,1.25,271.7391,pre-market,JPY,729745000000,4871825000000,4142080000000,4142080000000,211663000000,518082000000,0,518082000000,None,None,None,7128000000,None,None,None,293053000000,263004000000,122448000000,None,0,None,240116000000,533169000000,190466000000,JPY,29781535000000,12801229000000,2811193000000,2811193000000,1412370000000,None,16980306000000,72820000000,None,None,None,None,None,None,1280854000000,1333989000000,None,19037226000000,10446493000000,None,None,None,5398700000000,8590733000000,None,78291000000,None,None,12326632000000,760204000000,None,10186009000000,-14244000000,11680668000000,4487000000,1567995500,JPY,767086000000,None,None,None,None,293053000000,452828000000,None,None,None,None,320428000000,None,None,None,None,78400000000,78400000000,None,None,None,None,-12364000000,None,None,None,210582000000
43,2010Q3,70.75140625,71.10625,70.25265625,70.74140625,702268.75,1.32,0.1,1.22,1220,pre-market,JPY,565096000000,4806667000000,4241571000000,4241571000000,111457000000,453639000000,0,453639000000,None,None,None,9190000000,None,None,None,292188000000,129069000000,77401000000,None,0,None,129082000000,421270000000,98690000000,JPY,29437782000000,12193448000000,2311788000000,2311788000000,1379433000000,None,17244334000000,75902000000,None,None,None,None,None,None,1619857000000,996096000000,None,18648685000000,10007078000000,None,None,None,5101673000000,8641607000000,None,83531000000,None,None,12078947000000,781172000000,None,10223428000000,-15090000000,11779357000000,4753000000,1567992500,JPY,458707000000,None,None,None,None,292188000000,440895000000,None,None,None,None,-97438000000,None,None,None,None,939000000,939000000,None,None,None,None,-6366000000,None,None,None,115458000000
44,2010Q4,74.918125,75.32828125,74.5353125,74.981875,562453.125,0.73,0.67,0.06,8.9552,pre-market,JPY,578146000000,4673113000000,4094967000000,4094967000000,99070000000,479076000000,0,479076000000,None,None,None,6491000000,None,None,None,294776000000,129668000000,65718000000,None,0,None,125800000000,420576000000,93629000000,JPY,357957000000,None,21786000000,21786000000,16819000000,None,None,75828000000,None,None,None,None,None,None,21277000000,13799000000,None,225621000000,122530000000,None,None,None,None,None,None,82111000000,None,None,None,36359000000,None,125260000000,-15444000000,129660000000,4862000000,1567920000,JPY,208999000000,None,None,None,None,294776000000,362981000000,None,None,None,None,104686000000,None,None,None,None,62720000000,62720000000,None,None,None,None,-9927000000,None,None,None,110876000000
45,2011Q1,85.44467741935483,86.06612903225808,84.87951612903225,85.60435483870968,972561.2903225806,0.74,0.54,0.2,37.037,pre-market,JPY,555375000000,4642083000000,4086708000000,4086708000000,46089000000,509286000000,10924000000,509286000000,None,None,None,6509000000,None,None,None,295556000000,41549000000,-578388000000,None,0,None,64052000000,359608000000,25398000000,JPY,29818166000000,11829755000000,2284583000000,2284583000000,1304242000000,None,17988411000000,76234000000,None,None,None,None,None,None,1225435000000,1123338000000,None,18898142000000,10790990000000,None,None,None,5951836000000,8107152000000,None,77927000000,None,None,12401056000000,2525955000000,None,10332371000000,-15241000000,11835665000000,397050000000,1567921500,JPY,589217000000,None,None,None,None,295556000000,434487000000,None,626000000,None,None,106651000000,None,None,None,None,298871000000,298871000000,None,None,None,None,40000000,None,None,None,28569000000
46,2011Q2,79.97222222222223,80.35603174603175,79.53190476190477,79.96634920634921,716028.5714285715,0.18,0.5,-0.32,-64,pre-market,JPY,304183000000,3441050000000,3136867000000,3136867000000,-107963000000,412146000000,0,412146000000,None,None,None,5381000000,None,None,None,256213000000,-80531000000,-43188000000,None,0,None,-75485000000,180728000000,1160000000,JPY,29284861000000,11610044000000,2132011000000,2132011000000,1383782000000,None,17674817000000,76420000000,None,None,None,None,None,None,1174091000000,184021000000,None,18477708000000,10787814000000,None,None,None,6055295000000,7689894000000,None,74589000000,None,None,12070138000000,874295000000,None,10241004000000,-15642000000,11742754000000,4924000000,1567890000,JPY,316351000000,None,None,None,None,256213000000,369928000000,None,None,None,510000000,-280273000000,None,None,None,None,94071000000,94071000000,None,None,None,None,-19365000000,None,None,None,2859000000
47,2011Q3,75.81,76.36796875,75.0603125,75.7140625,573507.8125,0.3326,-0.05,0.3826,765.2,pre-market,JPY,522697000000,4574872000000,4052175000000,4052175000000,75390000000,447307000000,0,447307000000,None,None,None,6402000000,None,None,None,265347000000,79128000000,-14978000000,None,0,None,93520000000,358867000000,80421000000,JPY,28387556000000,11245980000000,2076936000000,2076936000000,1429363000000,None,17141576000000,76625000000,None,None,None,None,None,None,977847000000,1280735000000,None,17806152000000,10932580000000,None,None,None,6100653000000,6873572000000,None,68677000000,None,None,11391486000000,807756000000,None,10016433000000,-16374000000,11823175000000,5154000000,1567843500,JPY,173007000000,None,None,None,None,265347000000,321752000000,None,None,None,None,9042000000,None,None,None,None,1221000000,1221000000,None,None,None,None,-9334000000,None,None,None,103474000000
48,2011Q4,65.69,66.14857142857143,65.23222222222222,65.6895238095238,526623.8095238095,0.66,0.41,0.25,60.9756,pre-market,JPY,610570000000,4865205000000,4254635000000,4254635000000,149684000000,460886000000,0,460886000000,None,None,None,3047000000,None,None,None,270275000000,198602000000,152535000000,None,0,None,178795000000,449070000000,80944000000,JPY,28761679000000,11403591000000,1533578000000,1533578000000,1465876000000,None,17358088000000,76293000000,None,None,None,None,None,None,1122657000000,275460000000,None,18158158000000,11173520000000,None,None,None,6292988000000,6984638000000,None,70207000000,None,None,11697573000000,869417000000,None,10023867000000,-16387000000,11841405000000,5158000000,1567841500,JPY,281335000000,None,None,None,None,270275000000,326710000000,None,None,None,None,161892000000,None,None,None,None,62714000000,62714000000,None,None,None,None,-3662000000,None,None,None,101723000000
49,2012Q1,78.4616129032258,78.81967741935483,78.13193548387098,78.55983870967742,530639.2580645161,0.33,0.25,0.08,32,pre-market,JPY,757639000000,5702526000000,4944887000000,4944887000000,238516000000,519123000000,9463000000,519123000000,None,None,None,8092000000,None,None,None,275995000000,235674000000,137947000000,None,0,None,221860000000,497855000000,121034000000,JPY,30650965000000,12321189000000,1679200000000,1679200000000,1622282000000,None,18329776000000,75663000000,None,None,None,None,None,None,1261371000000,1235065000000,None,19584487000000,11781574000000,None,None,None,5963269000000,7802913000000,None,73320000000,None,None,12005546000000,2666839000000,None,10550261000000,-13781000000,11917074000000,397050000000,1583408000,JPY,681742000000,None,None,None,None,275995000000,513692000000,None,None,None,None,-246008000000,None,None,None,None,1903000000,1903000000,None,None,None,None,-5087000000,None,None,None,160246000000
50,2012Q2,78.92142857142858,79.30492063492063,78.43888888888888,78.88634920634921,406071.4285714286,0.97,1.28,-0.31,-24.2188,pre-market,JPY,828741000000,5501573000000,4672832000000,4672832000000,353143000000,475598000000,0,475598000000,None,None,None,6036000000,None,None,None,253132000000,415203000000,164914000000,None,0,None,410321000000,663453000000,290347000000,JPY,30029775000000,12107624000000,1728288000000,1728288000000,1625803000000,None,17922151000000,76005000000,None,None,None,None,None,None,1330210000000,1214070000000,None,19002182000000,11503720000000,None,None,None,5941378000000,7498462000000,None,72488000000,None,None,11726627000000,962903000000,None,10510258000000,-14230000000,12112417000000,397050000000,1583403500,JPY,702691000000,None,None,None,None,253132000000,439043000000,None,None,None,None,96696000000,None,None,None,None,95004000000,95004000000,None,None,None,None,-16811000000,None,None,None,321630000000
51,2012Q3,79.47619047619048,79.83507936507937,79.10920634920635,79.51888888888888,377196.8253968254,2.3,1.97,0.33,16.7513,pre-market,JPY,829278000000,5406781000000,4577503000000,4577503000000,340607000000,488671000000,0,488671000000,None,None,None,6759000000,None,None,None,259852000000,379334000000,145932000000,None,0,None,369983000000,629835000000,257922000000,JPY,30100682000000,11961374000000,1665422000000,1665422000000,1566995000000,None,18139308000000,77440000000,None,None,None,None,None,None,1399298000000,1120622000000,None,18835408000000,11239608000000,None,None,None,5850483000000,7595800000000,None,75395000000,None,None,11725274000000,951545000000,None,10738895000000,-14575000000,12370337000000,397050000000,1583403000,JPY,536856000000,None,None,None,None,259852000000,403485000000,None,None,None,None,71675000000,None,None,None,None,1219000000,1219000000,None,None,None,None,-10727000000,None,None,None,285918000000
52,2012Q4,82.2108064516129,82.60451612903225,81.86387096774195,82.31870967741936,354688.70967741933,2.06,1.72,0.34,19.7674,pre-market,JPY,720696000000,5318752000000,4598056000000,4598056000000,124757000000,595939000000,0,595939000000,None,None,None,6190000000,None,None,None,285929000000,131249000000,67353000000,None,0,None,151101000000,437030000000,99914000000,JPY,32157040000000,12253559000000,1241499000000,1241499000000,1623827000000,None,19903481000000,73883000000,None,None,None,None,None,None,1528175000000,1228173000000,None,20341087000000,11881549000000,None,None,None,6473323000000,8459538000000,None,74141000000,None,None,12896927000000,1078748000000,None,11261783000000,-13105000000,12375236000000,397050000000,1583470000,JPY,506677000000,None,None,None,None,285929000000,500073000000,None,None,None,None,-22670000000,None,None,None,None,95004000000,95004000000,None,None,None,None,-16691000000,None,None,None,122083000000
53,2013Q1,100.22516666666667,100.72133333333333,99.72166666666666,100.28649999999999,544298.3333333334,0.78,1.2,-0.42,-35,pre-market,JPY,1044482000000,5837086000000,4792604000000,4792604000000,502381000000,542101000000,807454000000,542101000000,None,None,None,3982000000,None,None,None,306196000000,477863000000,173487000000,None,0,None,489660000000,795856000000,313980000000,JPY,35483317000000,13784890000000,1718297000000,1718297000000,1715786000000,None,21698427000000,72762000000,None,None,None,None,None,None,1552363000000,1276432000000,None,22710461000000,12912520000000,None,None,None,6793956000000,9797941000000,None,77929000000,None,None,14131780000000,2618859000000,None,12148035000000,-12034000000,12689206000000,397050000000,1584063500,JPY,705092000000,None,None,None,None,306196000000,631551000000,None,50483000000,None,None,331541000000,None,None,None,None,2018000000,2018000000,None,None,None,None,1131000000,None,None,None,353851000000
54,2013Q2,116.66171875,117.48671875,115.82796875,116.78421875,737543.75,2.15,1.76,0.39,22.1591,pre-market,JPY,1233066000000,6255319000000,5022253000000,5022253000000,663383000000,569683000000,0,569683000000,None,None,None,4584000000,None,None,None,287661000000,724163000000,210130000000,None,0,None,719270000000,1006931000000,562194000000,JPY,37168264000000,14370075000000,1526287000000,1526287000000,1863046000000,None,22798189000000,71130000000,None,None,None,None,None,None,2105523000000,1362431000000,None,23617558000000,13038161000000,None,None,None,6802581000000,10579397000000,None,79742000000,None,None,14713818000000,948802000000,None,12897538000000,-11374000000,13061354000000,397050000000,1585115000,JPY,1029338000000,None,None,None,None,287661000000,643279000000,None,None,None,None,53757000000,None,None,None,None,190046000000,190046000000,None,None,None,None,-18872000000,None,None,None,603971000000
55,2013Q3,127.13828125,127.8590625,126.4415625,127.27359375,377579.6875,0.2818,None,0,None,pre-market,JPY,1181835000000,6282166000000,5100331000000,5100331000000,592092000000,589743000000,0,589743000000,None,None,None,5154000000,None,None,None,307520000000,619362000000,227050000000,None,0,None,617269000000,924789000000,438429000000,JPY,38246709000000,14582349000000,1743303000000,1743303000000,1885416000000,None,23664360000000,72768000000,None,None,None,None,None,None,2134396000000,1388940000000,None,24231660000000,13373130000000,None,None,None,7073878000000,10858530000000,None,82692000000,None,None,15201644000000,921410000000,None,13370056000000,-11464000000,13499783000000,397050000000,1585494000,JPY,937750000000,None,None,None,None,307520000000,663642000000,None,None,None,None,520751000000,None,None,None,None,1934000000,1934000000,None,None,None,None,-19188000000,None,None,None,461165000000
56,2013Q4,125.7228125,126.28328125,125.10125000000001,125.7096875,383139.0625,2.8,2.15,0.65,30.2326,pre-market,JPY,1237851000000,6585044000000,5347193000000,5347193000000,600509000000,637342000000,0,637342000000,None,None,None,5583000000,None,None,None,319142000000,678956000000,207748000000,None,0,None,638228000000,957370000000,525464000000,JPY,40518144000000,14796226000000,1843393000000,1843393000000,1889127000000,None,25721918000000,71637000000,None,None,None,None,None,None,1729724000000,1372872000000,None,25634682000000,14097742000000,None,None,None,7760103000000,11536940000000,None,81833000000,None,None,16373017000000,1066927000000,None,14210095000000,-10693000000,13819263000000,397050000000,1585587000,JPY,759923000000,None,None,None,None,319142000000,633671000000,None,None,None,None,80505000000,None,None,None,None,205984000000,205984000000,None,None,None,None,-16998000000,None,None,None,560494000000
57,2014Q1,115.52196721311476,115.99131147540984,114.8360655737705,115.40016393442623,433762.2950819672,3.23,2.46,0.77,31.3008,pre-market,JPY,1238020000000,6569382000000,5331362000000,5331362000000,436128000000,801892000000,910517000000,801892000000,None,None,None,4309000000,None,None,None,336530000000,418599000000,122880000000,None,1991648000000,None,435683000000,772213000000,297032000000,JPY,41437473000000,15717706000000,2041170000000,2041170000000,1894704000000,None,25719767000000,74202000000,None,None,None,None,None,9391037000000,2227084000000,1538400000000,None,26218486000000,14680685000000,None,None,None,7780483000000,11537801000000,None,82996000000,16493565000000,None,16327393000000,2875138000000,None,14469148000000,-10911000000,14116295000000,397050000000,1585641500,JPY,919024000000,None,None,None,None,336530000000,738099000000,None,-110819000000,None,-4336248000000,264467000000,None,None,None,None,64270000000,64270000000,None,None,None,None,55058000000,None,None,None,366018000000
58,2014Q2,111.36238095238095,111.73428571428572,110.86952380952381,111.35301587301586,420301.5873015873,0.366,None,0,None,pre-market,JPY,1295513000000,6390688000000,5095175000000,5095175000000,692728000000,602785000000,0,602785000000,None,None,None,3914000000,None,None,None,316004000000,771826000000,259973000000,None,0,None,762755000000,1078759000000,587774000000,JPY,41455717000000,15574274000000,2175052000000,2175052000000,1972856000000,None,25881443000000,76674000000,None,None,None,None,None,None,2192004000000,1451832000000,None,25997429000000,14319916000000,None,None,None,7849659000000,11677513000000,None,85290000000,None,None,16487737000000,987082000000,None,14714033000000,-9895000000,14267629000000,397050000000,1585600500,JPY,875596000000,None,None,None,None,316004000000,796300000000,None,None,None,None,-23740000000,None,None,None,None,316977000000,316977000000,None,None,None,None,863826000000,None,None,None,617182000000
59,2014Q3,117.90390625,118.282234375,117.4328296875,117.85484375,270759.640625,0.3109,None,0,None,post-market,JPY,1302539000000,6554909000000,5252370000000,5252370000000,659218000000,643321000000,0,643321000000,None,None,None,5555000000,None,None,None,332229000000,737348000000,233618000000,None,0,None,691727000000,1023956000000,539062000000,JPY,43784073000000,16258236000000,2309322000000,2309322000000,2062906000000,None,27525837000000,75788000000,None,None,None,None,None,None,2282133000000,1467809000000,None,27547541000000,15302315000000,None,None,None,8645296000000,12245226000000,None,82062000000,None,None,17644167000000,1026711000000,None,15469555000000,-9520000000,14681771000000,397050000000,1580456000,JPY,775710000000,None,None,None,None,332229000000,761317000000,None,None,None,None,202997000000,None,None,None,None,2891000000,2891000000,None,None,None,None,-168285000000,None,None,None,564297000000
60,2014Q4,120.07890625,120.6777640625,119.4887421875,120.13046875,418850.8125,0.3168,2.15,-1.8332,-85.2651,post-market,JPY,1452228000000,7170017000000,5717789000000,5717789000000,762880000000,689348000000,0,689348000000,None,None,None,7308000000,None,None,None,369403000000,846461000000,296113000000,None,0,None,813644000000,1183047000000,600027000000,JPY,46722224000000,17016614000000,2398166000000,2398166000000,2133775000000,None,29705610000000,75175000000,None,None,None,None,None,None,2142423000000,1514900000000,None,29594075000000,16076052000000,None,None,None,9267143000000,13518023000000,None,83296000000,None,None,19250175000000,1196970000000,None,16316058000000,-10272000000,15044056000000,397050000000,1580909000,JPY,686305000000,None,None,None,None,369403000000,815745000000,None,None,None,None,-38550000000,None,None,None,None,237956000000,237956000000,None,None,None,None,-186278000000,None,None,None,635489000000
61,2015Q1,133.42475409836067,134.07045737704917,132.8930606557377,133.4944262295082,327162.8032786885,0.2355,2.46,-2.2245,-90.4268,post-market,JPY,1342565000000,7118907000000,5776342000000,5776342000000,635738000000,271677000000,1004547000000,706827000000,None,None,None,6094000000,None,None,None,391439000000,537193000000,103765000000,None,2307904000000,None,559433000000,950872000000,446475000000,JPY,47729830000000,17936397000000,2284557000000,2284557000000,2137618000000,None,29793433000000,77490000000,None,None,None,None,None,10568870000000,2931420000000,1783572000000,None,30082501000000,16431496000000,None,None,None,8963492000000,13651005000000,None,83481000000,184485000000,None,18977887000000,2758947000000,None,16788131000000,-10216000000,15591947000000,397050000000,1574055500,JPY,1348142000000,None,None,None,None,391439000000,984206000000,None,-110819000000,None,-3813490000000,165338000000,None,None,None,None,158903000000,158903000000,None,None,None,None,6449000000,None,None,None,490936000000
62,2015Q2,137.85460317460317,138.39278253968254,137.37905555555554,137.84968253968256,251051.80952380953,0.3357,2.59,-2.2543,-87.0386,pre-market,JPY,1430483000000,6987648000000,5557165000000,5557165000000,756001000000,674482000000,2176000000,674482000000,None,None,None,4396000000,None,None,None,381526000000,845259000000,267957000000,None,0,None,815467000000,1196993000000,646394000000,JPY,48821479000000,18172357000000,2287654000000,2287654000000,2201802000000,None,30649122000000,79440000000,None,None,None,None,None,None,2613992000000,2271106000000,None,30751512000000,16746464000000,None,None,None,9411894000000,14005048000000,None,83990000000,None,None,19667125000000,1214585000000,None,17205009000000,-10023000000,15844989000000,397050000000,1574208000,JPY,1123375000000,None,None,None,None,381526000000,1057673000000,None,None,None,None,-90447000000,None,None,None,None,393352000000,393352000000,None,None,None,None,1998000000,None,None,None,678204000000
63,2015Q3,125.5575,126.1382171875,124.5932828125,125.390625,369896.03125,0.3216,2.94,-2.6184,-89.0612,post-market,JPY,1553467000000,7103840000000,5550373000000,5550373000000,827404000000,726063000000,2246000000,726063000000,None,None,None,15262000000,None,None,None,403179000000,829892000000,248411000000,None,0,None,842752000000,1245931000000,611718000000,JPY,48574586000000,18825107000000,2690851000000,2690851000000,2195186000000,None,29749479000000,80226000000,None,None,None,None,None,None,2884813000000,2654380000000,None,30703917000000,16479303000000,None,None,None,9301881000000,14224614000000,None,85142000000,None,None,19502731000000,1128233000000,None,17039650000000,-12286000000,16454247000000,397050000000,1588765500,JPY,834148000000,None,None,None,None,403179000000,996571000000,None,None,None,None,753651000000,None,None,None,None,3283000000,3283000000,None,None,None,None,-247817000000,None,None,None,642241000000
64,2015Q4,123.7271875,124.2243265625,123.077140625,123.65046875,278172.828125,0.332,None,0,None,pre-market,JPY,1452940000000,7339882000000,5886942000000,5886942000000,722266000000,730674000000,529800000000,730674000000,None,None,None,9644000000,None,None,None,444724000000,777761000000,220455000000,None,0,None,791165000000,1235889000000,627965000000,JPY,48922991000000,18179547000000,2486250000000,2486250000000,2104725000000,None,30743444000000,81893000000,None,None,None,None,None,None,2726923000000,2371163000000,None,30775126000000,16492399000000,None,None,None,9432634000000,14282727000000,None,84400000000,None,None,19583276000000,1227262000000,None,17287409000000,-11407000000,16369731000000,397050000000,1573515500,JPY,1108350000000,None,None,None,None,444724000000,994280000000,None,None,None,None,-532336000000,None,None,None,None,312601000000,312601000000,None,None,None,None,-300594000000,None,None,None,663372000000
65,2016Q1,110.59909836065574,111.19896065573771,109.54907213114754,110.44426229508197,448764.6721311475,0.2415,None,0,None,post-market,JPY,1360763000000,6971748000000,5610985000000,5610985000000,548300000000,323427000000,1055672000000,812463000000,None,None,None,6101000000,None,None,None,396408000000,530469000000,141446000000,None,2434211000000,None,574973000000,971381000000,426617000000,JPY,47427597000000,18209553000000,2939428000000,2939428000000,2061511000000,None,29218044000000,86643000000,None,None,None,None,None,10306508000000,2543423000000,2300952000000,None,29819190000000,16124456000000,None,None,None,8521088000000,13694734000000,None,86925000000,150163000000,None,18293153000000,5180964000000,None,16746935000000,-14262000000,16794240000000,397050000000,1553351500,JPY,1394984000000,None,None,None,None,396408000000,1010692000000,None,-68912000000,None,-3182544000000,-554439000000,None,None,None,None,704728000000,704728000000,None,None,None,None,-231760000000,None,None,None,450394000000
66,2016Q2,102.809375,103.29288125,102.1537625,102.71921875,514198.375,0.3488,None,0,None,pre-market,JPY,1309887000000,6589113000000,5279226000000,5279226000000,642230000000,667657000000,2667000000,667657000000,None,None,None,4923000000,None,None,None,382289000000,677056000000,187825000000,None,0,None,711284000000,1093573000000,552465000000,JPY,44524374000000,16592413000000,3274258000000,3274258000000,1958499000000,None,27931961000000,90500000000,None,None,None,None,None,None,2722771000000,1010077000000,None,27568181000000,15390130000000,None,None,None,8064924000000,12178051000000,None,88254000000,None,None,17134780000000,1108825000000,None,16127808000000,-17033000000,17010079000000,397050000000,1542273000,JPY,1178213000000,None,None,None,None,382289000000,960066000000,None,-246326000000,None,-558708000000,-164483000000,None,None,None,None,335368000000,335368000000,None,None,None,None,-147334000000,None,None,None,579231000000
67,2016Q3,114.48421875,114.9184671875,113.9695890625,114.46515624999999,369376.4375,0.2535,None,0,None,post-market,JPY,1169995000000,6481420000000,5311425000000,5311425000000,474635000000,695360000000,2593000000,695360000000,None,None,None,6190000000,None,None,None,384755000000,499478000000,167099000000,None,0,None,504270000000,889025000000,393708000000,JPY,43776105000000,15653139000000,2767004000000,2767004000000,2058076000000,None,28122966000000,91778000000,None,None,None,None,None,None,2490990000000,756009000000,None,26817293000000,15018262000000,None,None,None,8154997000000,11799031000000,None,86019000000,None,None,16861060000000,1029213000000,None,16391908000000,-17963000000,17401371000000,397050000000,1531461024,JPY,396163000000,None,None,None,None,384755000000,831028000000,None,-246326000000,None,-476216000000,-402026000000,None,None,None,None,3314000000,3314000000,None,None,None,None,-358269000000,None,None,None,410774000000
68,2016Q4,116.42603174603175,116.97296825396825,116.07942380952382,116.53015873015872,215879.07936507938,2.48,None,0,None,post-market,JPY,1116520000000,7084187000000,5967667000000,5967667000000,438586000000,677934000000,1538000000,677934000000,None,None,None,8475000000,None,None,None,407699000000,587538000000,170320000000,None,0,None,525570000000,933269000000,486531000000,JPY,48111485000000,17038147000000,2550786000000,2550786000000,2212269000000,None,31073338000000,87319000000,None,None,None,None,None,None,2692901000000,966220000000,None,30205834000000,16888016000000,None,None,None,9564924000000,13317818000000,None,84615000000,None,None,19446199000000,1284669000000,None,17293229000000,-12974000000,17205489000000,397050000000,1524780000,JPY,586912000000,None,None,None,None,407699000000,819072000000,None,-246326000000,None,-1124284000000,189342000000,None,None,None,None,302805000000,302805000000,None,None,None,None,-104509000000,None,None,None,506825000000
69,2017Q1,114.80645161290323,115.15505806451613,114.37481451612904,114.79274193548386,231993.66129032258,2.87,None,0,None,post-market,JPY,1266455000000,7442473000000,6176018000000,6176018000000,438921000000,827534000000,243628000000,827534000000,None,None,None,9765000000,None,None,None,436207000000,429753000000,103656000000,None,1926985000000,None,448453000000,884660000000,398405000000,JPY,48750186000000,17833695000000,2995075000000,2995075000000,2388617000000,None,30916491000000,91528000000,None,None,None,None,None,10694521000000,2904252000000,796297000000,None,30567110000000,17318965000000,None,None,None,9244131000000,13248145000000,None,88965000000,228599000000,None,19155727000000,5561751000000,None,17514812000000,-14435000000,17601070000000,397050000000,1513300000,JPY,1252949000000,None,None,None,None,436207000000,931271000000,None,-68912000000,None,-2969939000000,2002000000,None,None,None,None,1000000,1000000,None,None,None,None,-93874000000,None,None,None,430155000000
70,2017Q2,106.8747619047619,107.16110158730159,106.49433650793651,106.80825396825396,267617.22222222225,2.4,None,0,None,post-market,JPY,1294543000000,7047606000000,5753063000000,5753063000000,574294000000,720249000000,2439000000,720249000000,None,None,None,4388000000,None,None,None,400618000000,679348000000,185398000000,None,631752000000,None,660945000000,1061563000000,613056000000,JPY,49456031000000,18062537000000,2940829000000,2940829000000,2456712000000,None,31393494000000,91083000000,None,None,None,None,None,21131280000000,2985782000000,867313000000,None,30918705000000,17184636000000,None,None,None,9257422000000,13734069000000,None,91816000000,19577583000000,None,19577583000000,1324386000000,None,17874283000000,-14300000000,17883709000000,397050000000,1511141500,JPY,1072365000000,None,None,None,None,400618000000,872490000000,None,-171148000000,None,-1017778000000,-109722000000,None,None,None,None,329693000000,329693000000,None,None,None,None,653000000,None,None,None,631752000000
71,2017Q3,113.32555555555555,113.65931111111112,113.04202222222222,113.39396825396825,198183.0,202.84,None,0,None,post-market,JPY,1280582000000,7143601000000,5863019000000,5863019000000,522247000000,758335000000,2449000000,758335000000,None,None,None,9153000000,None,None,None,433657000000,572825000000,188849000000,None,-1414039000000,None,550950000000,984607000000,458272000000,JPY,50253031000000,18125724000000,2814337000000,2814337000000,2491575000000,None,32127307000000,92189000000,None,None,None,None,None,21719159000000,3072194000000,889278000000,None,31336394000000,17322490000000,None,None,None,9393193000000,14013904000000,None,93242000000,4249353000000,None,19896017000000,1305107000000,None,18253494000000,-16477000000,18338719000000,397050000000,1498922500,JPY,965891000000,None,None,None,None,433657000000,899582000000,None,-171148000000,None,-918532000000,-192289000000,None,None,None,None,2927000000,2927000000,None,None,None,None,-249074000000,None,None,None,481217000000
72,2017Q4,124.62714285714286,124.9812380952381,124.2528253968254,124.66968253968255,147514.6349206349,152.87,None,0,None,pre-market,JPY,1407617000000,7605767000000,6198150000000,6198150000000,673645000000,733972000000,2344000000,733972000000,None,None,None,6508000000,None,None,None,446648000000,750940000000,-95938000000,None,1752973000000,None,737512000000,1184160000000,941849000000,JPY,51216462000000,18504632000000,2746661000000,2746661000000,2542307000000,None,32711830000000,92851000000,None,None,None,None,None,22225214000000,3044140000000,1018119000000,None,31534973000000,17792506000000,None,None,None,9872638000000,13742467000000,None,93104000000,4321512000000,None,20364476000000,1358981000000,None,18996488000000,-16360000000,18984330000000,397050000000,1495053500,JPY,805625000000,None,None,None,None,446648000000,849345000000,None,-171148000000,None,-973434000000,88228000000,None,None,None,None,297199000000,297199000000,None,None,None,None,15161000000,None,None,None,970686000000
73,2018Q1,134.1245901639344,134.8616393442623,133.14491803278688,134.03147540983608,217340.29508196723,5.83,None,0,None,pre-market,JPY,1507615000000,7582536000000,6074921000000,6074921000000,629676000000,877939000000,249269000000,877939000000,None,None,None,7537000000,None,None,None,453110000000,617316000000,226097000000,None,4744803815.10,None,675944000000,1129054000000,480806000000,JPY,50308249000000,18152656000000,3052269000000,3052269000000,2539789000000,None,32155593000000,96960885783.09,None,0,0,0,None,107073450115.68,2669604000000,833788000000,None,30878147000000,17796891000000,None,None,None,9341190000000,13081256000000,None,5581812172.44,1581330563.29,None,19347564000000,6107005000000,None,18735982000000,-182973700.36,19473464000000,397050000000,1484519000,JPY,1366128000000,None,None,None,None,453110000000,977290000000,None,-246326000000,None,-7085773643.70,-235352000000,None,None,None,None,623195000000,623195000000,None,None,None,None,-214558000000,None,None,None,502451000000
74,2018Q2,131.90890625,132.322109375,131.3245703125,131.81671875,180896.921875,2.99,2.92,0.07,2.3973,pre-market,JPY,1374582000000,7362733000000,5988151000000,5988151000000,682687000000,691895000000,0,691895000000,None,None,None,3439000000,None,0,None,413454000000,813864000000,246163000000,None,6170124892.92,None,743054000000,1156508000000,657306000000,JPY,51049149000000,18026945000000,3027064000000,3027064000000,2536944000000,None,33022204000000,94551756165.74,0,0,0,0,None,203023986654.04,2518023000000,924534000000,None,31418203000000,17833175000000,None,None,None,9824895000000,13585028000000,0,93922674602.10,39985562919.88,None,20240450000000,1317546000000,0,18946917000000,0,20875348000000,397050000000,1478211000,JPY,824016000000,None,None,None,None,413454000000,1027733000000,0,-1505045313.13,None,-9401929753.37,157004000000,None,None,None,None,352912000000,352912000000,None,None,None,None,-128861000000,None,0,0,684236000000
75,2018Q3,126.52015873015874,126.9363492063492,126.02666666666667,126.44015873015874,160985.57142857142,4.04,3.94,0.1,2.5381,pre-market,JPY,1315267000000,7311273000000,5996006000000,5996006000000,579158000000,736109000000,0,736109000000,None,None,None,8164000000,None,0,None,451853000000,734945000000,227428000000,None,5385727452.27,None,604725000000,1056578000000,585086000000,JPY,52516005000000,18525993000000,3246746000000,3246746000000,2583535000000,None,33990012000000,93753952161.51,0,0,0,0,None,204403379416.28,2623203000000,909624000000,None,32302463000000,17981907000000,None,None,None,9821001000000,14320556000000,0,97120868992.76,39199394338.38,None,20885496000000,1365705000000,0,19511392000000,0,21456737000000,397050000000,1461203000,JPY,1002172000000,None,None,None,None,451853000000,894504000000,0,-1465016458.20,None,-7124327408.38,-2633000000,None,None,None,None,2562168093.04,2562168093.04,None,None,None,None,-170734000000,None,0,0,613569000000
76,2018Q4,118.63634920634921,119.33809523809524,117.72159841269841,118.46873015873015,249368.17460317462,3.57,2.99,0.58,19.398,post-market,JPY,1453381000000,7801542000000,6348161000000,6348161000000,676129000000,777252000000,0,777252000000,None,None,None,8905000000,None,0,None,456305000000,176970000000,6148000000,None,1408.85,None,741548000000,1197853000000,180915000000,JPY,51085992000000,17791194000000,3162040000000,3162040000000,2555133000000,None,33294798000000,73227.19,0,0,0,0,None,157576.85,2102980000000,937868000000,None,31304888000000,17771273000000,None,None,None,9794576000000,13533615000000,0,72374.54,30578.19,None,20228117000000,1434597000000,0,19089239000000,-22894903034.45,21531645000000,397050000000,1462530315,JPY,1040582000000,None,None,None,None,456305000000,930172000000,0,-1157.75,None,-3387.91,-590481000000,None,None,None,None,291895000000,291895000000,None,None,None,None,-151825000000,None,0,0,203100000000
77,2019Q1,120.93147540983605,121.44180327868852,120.40147540983607,120.98065573770491,154051.29508196723,1.14,3.32,-2.18,-65.6627,post-market,JPY,1300666000000,7750133000000,6449467000000,6449467000000,529571000000,771095000000,1048882000000,771095000000,None,27522000000,41908000000,7570000000,None,0,None,470763000000,559686000000,180205000000,None,484682000000,None,552870000000,1023633000000,459566000000,JPY,51936949000000,18879237000000,3574704000000,3574704000000,2656396000000,None,33057712000000,10685494000000,0,0,0,0,None,10793649000000,2253512000000,805964000000,None,31869812000000,18226938000000,None,None,None,9599234000000,13642874000000,0,10550945000000,9599233000000,None,20150179000000,6068314000000,615599000000,19348152000000,-2606925000000,21987515000000,397050000000,1532227568,JPY,899827000000,None,None,None,None,470763000000,886478000000,0,-171148000000,None,-2697241000000,-104729000000,None,None,None,None,1000000,1000000,None,None,None,None,-98217000000,None,0,0,484682000000
78,2019Q2,121.88825396825396,122.35888888888888,121.48396825396826,121.94460317460317,135605.22222222222,2.91,2.89,0.02,0.692,pre-market,JPY,1436001000000,7646091000000,6210090000000,6210090000000,741951000000,694050000000,0,694050000000,None,70040000000,109393000000,4351000000,None,0,None,398352000000,841750000000,249629000000,None,701674000000,None,813338000000,1211690000000,682974000000,JPY,52117436000000,19286535000000,3761800000000,3761800000000,2738140000000,None,32830901000000,10895094000000,0,0,0,0,None,10383764000000,2438937000000,935748000000,None,31876332000000,17901744000000,None,None,None,9600079000000,13974588000000,0,10549161000000,9600079000000,None,20149240000000,1475975000000,910964000000,19527680000000,-2661233000000,22326275000000,397050000000,1439546500,JPY,908370000000,None,None,None,None,398352000000,998492000000,0,0,None,-410820000000,40646000000,None,None,None,None,344862000000,344862000000,None,None,None,None,-54308000000,None,0,0,701674000000
79,2019Q3,130.9740625,131.53,130.46359375,130.9971875,145866.0,4.5,4.18,0.32,7.6555,pre-market,JPY,1355103000000,7639504000000,6284401000000,6284401000000,662385000000,692718000000,0,692718000000,None,41335000000,126315000000,10495000000,None,0,None,385705000000,741735000000,225019000000,None,613115000000,None,700733000000,1086438000000,592002000000,JPY,52240078000000,18976916000000,3979764000000,3979764000000,2576968000000,None,33263162000000,10929956000000,0,0,0,0,None,10613525000000,2211056000000,872710000000,None,31739505000000,17932260000000,None,None,None,9651791000000,13807245000000,0,10340214000000,9651791000000,None,19992005000000,1454390000000,903352000000,19795642000000,-2907078000000,22913956000000,397050000000,1426167500,JPY,1159195000000,None,None,None,None,385705000000,918401000000,0,0,None,-888287000000,-155428000000,None,None,None,None,339893000000,339893000000,None,None,None,None,-245846000000,None,0,0,613115000000
80,2019Q4,139.68421874999999,140.0728125,139.2153125,139.70109375,122265.546875,3.84,3.68,0.16,4.3478,pre-market,JPY,1395910000000,7544569000000,6148659000000,6148659000000,654447000000,741463000000,0,741463000000,None,63141000000,297043000000,3469000000,None,0,None,409713000000,932294000000,265901000000,None,763863000000,None,701861000000,1111574000000,738034000000,JPY,53801134000000,19250341000000,3759240000000,3759240000000,2433401000000,None,34550793000000,11072068000000,0,0,0,0,None,11147207000000,2283684000000,1299082000000,None,32769328000000,18131982000000,None,None,None,9970324000000,14637346000000,0,10934987000000,9970324000000,None,20905311000000,1675911000000,1035377000000,20305523000000,-2977254000000,23368761000000,397050000000,1416273500,JPY,821316000000,None,None,None,None,409713000000,867014000000,0,0,None,-1197407000000,181208000000,None,None,None,None,285125000000,285125000000,None,None,None,None,-70176000000,None,0,0,763863000000
81,2020Q1,133.56467741935484,134.61306451612904,132.36048387096776,133.49112903225807,265913.01612903224,4.78,3.64,1.14,31.3187,post-market,JPY,1220614000000,7099828000000,5879214000000,5879214000000,384086000000,836528000000,1096019000000,836528000000,None,26137000000,395645000000,13902000000,None,None,None,411613000000,38828000000,-57119000000,None,63677000000,None,474512000000,886125000000,63173000000,JPY,52680436000000,18642531000000,4190518000000,4190518000000,2434918000000,None,34037905000000,6571110000000,None,374784000000,374784000000,None,None,11472104000000,1506951000000,1236225000000,None,31942754000000,17902377000000,None,None,None,9860071000000,14040377000000,None,11434219000000,9860071000000,None,21294290000000,5415979000000,821515000000,20060618000000,-3087106000000,23427613000000,397050000000,1410545500,JPY,701762000000,None,None,None,None,411613000000,811224000000,None,-166902000000,None,-461983000000,296379000000,None,None,None,None,11186000000,11186000000,None,None,None,None,-105798000000,None,None,None,63677000000
82,2020Q2,124.19126984126984,124.87095238095237,123.15777777777777,123.96984126984128,221920.38095238095,0.4231,0.43,-0.0069,-1.6047,pre-market,JPY,549428000000,4600796000000,4051368000000,4051368000000,13920000000,535508000000,None,535508000000,None,104777000000,100715000000,10012000000,None,None,None,398044000000,118233000000,-31214000000,None,149447000000,None,5410000000,403454000000,158843000000,JPY,55916537000000,20442661000000,6801561000000,6801561000000,2449244000000,None,35473876000000,11065416000000,None,1059140000000,1059140000000,None,None,12004199000000,1960564000000,649934000000,None,34408870000000,18907220000000,None,None,None,11448283000000,15501650000000,None,12564205000000,11448283000000,None,24012488000000,3272211000000,845705000000,20713930000000,-2901577000000,22073722000000,397050000000,1396636847,JPY,673252000000,None,None,None,None,398044000000,819848000000,None,-242769000000,None,-337617000000,2335157000000,None,None,None,None,331938000000,331938000000,None,None,None,None,3769452000000,None,None,None,149448000000
83,2020Q3,130.138125,130.6903125,129.4351375,130.040625,176759.9375,1.08,0.09,0.99,1100,pre-market,JPY,1148147000000,6774427000000,5626280000000,5626280000000,506061000000,642086000000,None,642086000000,None,39960000000,108227000000,13225000000,None,None,None,412544000000,610582000000,128841000000,None,481741000000,None,526756000000,939300000000,470525000000,JPY,56483801000000,21063746000000,5514438000000,5514438000000,2709366000000,None,35420056000000,11078391000000,None,1051104000000,1051104000000,None,None,11623644000000,3159565000000,575894000000,None,34687731000000,19743107000000,None,None,None,11399117000000,14944624000000,None,12151882000000,11399117000000,None,23550999000000,3279668000000,757798000000,21010831000000,-2901598000000,22553281000000,397050000000,1421519700,JPY,616262000000,None,None,None,None,412544000000,889176000000,None,-242769000000,None,-1584204000000,-303572000000,None,None,None,None,331938000000,331938000000,None,None,None,None,-21000000,None,None,None,481741000000
84,2020Q4,139.831015625,140.538684375,139.1715421875,139.79125,189710.046875,3.26,2.13,1.13,53.0516,post-market,JPY,1656703000000,8150033000000,6493330000000,6493330000000,987941000000,668762000000,None,668762000000,None,43020000000,52879000000,9859000000,None,None,None,407599000000,1141174000000,273666000000,None,867508000000,None,988563000000,1396162000000,838696000000,JPY,58010315000000,21676792000000,4479992000000,4479992000000,2619909000000,None,36333523000000,11155491000000,None,1057967000000,1057967000000,None,None,11994530000000,4205732000000,728806000000,None,35377237000000,20610241000000,None,None,None,12031321000000,14766996000000,None,11943533000000,12031321000000,None,23974854000000,3395340000000,767735000000,21804119000000,-2901627000000,23102819000000,397050000000,1420521400,JPY,544575000000,None,None,None,None,407599000000,1041585000000,None,-242769000000,None,-1767258000000,164481000000,None,None,None,None,293576000000,293576000000,None,None,None,None,1659215000000,None,None,None,867508000000
85,2021Q1,151.3206557377049,152.19341967213114,150.2079557377049,151.26295081967214,393995.52459016396,5.73,3.59,2.14,59.61,post-market,JPY,1478095000000,7689337000000,6211242000000,6211242000000,689826000000,788269000000,257024000000,788269000000,None,199934000000,214375000000,14441000000,None,None,None,426103000000,1062365000000,278684000000,None,783681000000,None,1048856000000,1474959000000,777197000000,JPY,62267140000000,22776800000000,5100857000000,5100857000000,2888028000000,None,39490338000000,7195309000000,None,1108634000000,1108634000000,None,None,13244717000000,4215457000000,745069000000,None,37978811000000,21460466000000,None,None,None,12212060000000,16518345000000,360891000000,13447575000000,12212060000000,None,25659635000000,3454447000000,788454000000,23404547000000,-2901680000000,24104176000000,397050000000,1420220700,JPY,893073000000,None,None,None,None,426103000000,1017336000000,None,-242769000000,None,-995096000000,543108000000,None,None,None,None,330994000000,330994000000,None,None,None,None,1659511000000,None,None,None,783681000000
86,2021Q2,164.06333333333333,164.79639999999998,163.35000952380952,164.14634920634919,291975.49206349207,5.08,5.08,0,0,pre-market,JPY,1649638000000,7935557000000,6285919000000,6285919000000,997489000000,652150000000,274100000000,652150000000,None,64581000000,72065000000,7484000000,None,None,None,439778000000,1257220000000,330679000000,None,926540000000,None,971567000000,1411345000000,897832000000,JPY,61651149000000,21424490000000,5013426000000,5013426000000,3098874000000,None,40226661000000,11942239000000,None,1100561000000,1100561000000,None,None,13568800000000,2861753000000,890196000000,None,36634247000000,19629020000000,None,None,None,10529725000000,17005227000000,None,13935172000000,10529725000000,None,24464897000000,3492900000000,769031000000,24123041000000,-2923231000000,24655333000000,397050000000,1398029700,JPY,958958000000,None,None,None,None,439778000000,1139087000000,None,-725285000000,None,627100000000,-1691389000000,None,None,None,None,377453000000,377453000000,None,None,None,None,-21517000000,None,None,None,926540000000
87,2021Q3,178.4528125,179.367553125,177.4374671875,178.50109375,217187.96875,5.86,4.49,1.37,30.5122,pre-market,JPY,1438953000000,7545741000000,6106788000000,6106788000000,749976000000,688978000000,276000000000,688978000000,None,34933000000,151967000000,8875000000,None,None,None,431626000000,886825000000,248310000000,None,638515000000,None,732500000000,1164126000000,626652000000,JPY,61758833000000,20687929000000,4954834000000,4954834000000,2924857000000,None,41070905000000,12152026000000,None,1136931000000,1136931000000,None,None,13929448000000,2887398000000,788610000000,None,36266420000000,19271934000000,None,None,None,10754902000000,16994486000000,None,13864894000000,10754902000000,None,24619796000000,3424252000000,745910000000,24610424000000,-3151411000000,25278473000000,397050000000,1392161500,JPY,913822000000,None,None,None,None,431626000000,987797000000,None,-725285000000,None,-843334000000,-128084000000,None,None,None,None,377453000000,377453000000,None,None,None,None,-228301000000,None,None,None,638516000000
88,2021Q4,179.9271875,180.79860625,178.8484671875,179.88625,228674.96875,3.96,2.81,1.15,40.9253,pre-market,JPY,1526000000000,7785742000000,6259742000000,6259742000000,784370000000,741629000000,294800000000,741629000000,None,127349000000,136542000000,9193000000,None,None,None,471129000000,1093508000000,274665000000,None,818842000000,None,736571000000,1207700000000,791738000000,JPY,63618063000000,21669893000000,5770225000000,5770225000000,3466674000000,None,41948170000000,12248311000000,None,1157947000000,1157947000000,None,None,14169645000000,1785656000000,743491000000,None,37763339000000,20182504000000,None,None,None,10685266000000,17580835000000,None,14437061000000,10685266000000,None,25122327000000,3730138000000,777839000000,24939554000000,-3217920000000,25748108000000,397050000000,1384553800,JPY,768728000000,None,None,None,None,471129000000,801438000000,None,-725285000000,None,390474000000,-432745000000,None,None,None,None,332419000000,332419000000,None,None,None,None,-66509000000,None,None,None,818842000000
89,2022Q1,187.3296129032258,188.65493870967742,185.40942258064516,186.99677419354836,350774.7419354839,4.95,4.13,0.82,19.8547,post-market,JPY,1357081000000,8112466000000,6755385000000,6755385000000,338870000000,893220000000,279362000000,893220000000,None,63900000000,333713000000,6906000000,None,None,None,479347000000,752979000000,262264000000,None,490716000000,None,338870000000,818217000000,533888000000,JPY,67688771000000,23722290000000,6113655000000,6113655000000,3821356000000,None,43966480000000,12775052000000,None,1191966000000,1191966000000,None,None,14355162000000,2507248000000,791947000000,None,40533951000000,21842161000000,None,None,None,11187839000000,18691790000000,420928000000,15308519000000,11187839000000,None,26496358000000,6362230000000,1005728000000,26245969000000,None,26453126000000,397050000000,1380388700,JPY,1081107000000,None,None,None,None,479347000000,901922000000,None,-242769000000,None,-751736000000,-214298000000,None,None,None,None,415352000000,415352000000,None,None,None,None,-88391000000,None,None,None,490716000000
90,2022Q2,165.57774193548386,166.78941612903228,164.1387129032258,165.31145161290323,256791.33870967742,2.98,2.46,0.52,21.1382,pre-market,JPY,1391149000000,8491116000000,7099967000000,7099967000000,395396000000,812494000000,302200000000,812494000000,None,106431000000,460759000000,19362000000,None,None,None,503366000000,1021748000000,263496000000,None,758253000000,None,395396000000,898762000000,736820000000,JPY,71935191000000,25304067000000,6685012000000,6685012000000,4022898000000,None,46631125000000,13370397000000,None,1190300000000,1190300000000,None,None,14769709000000,2696661000000,947548000000,None,43626648000000,23021132000000,None,None,None,12185076000000,20605516000000,None,16881527000000,12185076000000,None,29066603000000,6854600000000,1203833000000,27374818000000,None,26873431000000,397050000000,1373256900,JPY,764087000000,None,None,None,None,503366000000,904427000000,None,None,None,-450912000000,-73721000000,None,None,None,None,385792000000,385792000000,None,None,None,None,-121311000000,None,None,None,758253000000
91,2022Q3,151.7934375,152.7202921875,150.671521875,151.63609375,229245.90625,4.03,4.28,-0.25,-5.8411,pre-market,JPY,1423729000000,9218232000000,7794503000000,7794503000000,562789000000,860940000000,318500000000,860940000000,None,20573000000,262323000000,50988000000,None,None,None,404561000000,812528000000,351225000000,None,461303000000,None,562789000000,967350000000,434264000000,JPY,74484023000000,25808263000000,6980169000000,6980169000000,4266455000000,None,48675758000000,13631585000000,None,1209032000000,1209032000000,None,None,15830501000000,2032204000000,1000211000000,None,45523676000000,24277434000000,None,None,None,12530744000000,21246242000000,None,17266981000000,12530744000000,None,29797725000000,7117518000000,1431986000000,28037253000000,None,27304994000000,397050000000,1368622754,JPY,894710000000,None,None,None,None,512757000000,920743000000,None,None,None,-782490000000,-326703000000,None,None,None,None,385792000000,385792000000,None,None,None,None,-74234000000,None,None,None,461303000000
92,2022Q4,139.34349206349205,140.3743126984127,138.44336825396823,139.4273015873016,203119.9365079365,2.14,3.5,-1.36,-38.8571,pre-market,JPY,1933293000000,9754685000000,7821392000000,7821392000000,956652000000,976641000000,290100000000,976641000000,None,72201000000,110164000000,37963000000,None,None,None,798025000000,1034998000000,290432000000,None,744566000000,None,956652000000,1754677000000,727942000000,JPY,71580587000000,24759957000000,6022089000000,6022089000000,4034114000000,None,46820629000000,12889342000000,None,1218945000000,1218945000000,None,None,15430573000000,2029081000000,1007107000000,None,43130564000000,22703027000000,None,None,None,11898754000000,20427537000000,None,16560084000000,11898754000000,None,28458838000000,6576486000000,1254093000000,27535825000000,None,27696192000000,397050000000,1363187266,JPY,167126000000,None,None,None,None,518636000000,930201000000,None,None,None,-1513593000000,-96757000000,None,None,None,None,342188000000,342188000000,None,None,None,None,-336577000000,None,None,None,744566000000
93,2023Q1,140.59612903225806,141.38819032258067,139.66985322580643,140.53774193548387,226622.43548387097,4.08,3.78,0.3,7.9365,post-market,JPY,1564845000000,9690265000000,8125420000000,8125420000000,626930000000,937914000000,331686000000,937914000000,None,55032000000,219520000000,16800000000,None,None,None,698333000000,799459000000,270612000000,None,528845000000,None,626930000000,1325263000000,552292000000,JPY,74303180000000,26459781000000,7516966000000,7516966000000,4255614000000,None,47843399000000,13125342000000,None,1249122000000,1249122000000,None,None,15783776000000,1715675000000,886886000000,None,45038967000000,23959715000000,None,None,None,12305639000000,21079252000000,456120000000,17074634000000,12305639000000,None,29380273000000,6667767000000,1136764000000,28338706000000,None,28343296000000,397050000000,1358102100,JPY,1129153000000,None,None,None,None,505145000000,950461000000,None,-350550000000,None,-1598890000000,441001000000,None,None,None,None,727980000000,727980000000,None,None,None,None,-94522000000,None,None,None,528845000000
94,2023Q2,143.78887096774193,144.5095822580645,143.08349032258064,143.89129032258066,313286.9516129032,3.02,2.99,0.03,1.0033,pre-market,JPY,2062904000000,10546831000000,8483927000000,8483927000000,1120900000000,942003000000,294800000000,942003000000,None,166788000000,606920000000,23339000000,None,None,None,505809000000,1720553000000,393663000000,None,1326890000000,None,1497116000000,2002925000000,1311372000000,JPY,80131208000000,28943999000000,7906447000000,7906447000000,4671910000000,None,51187209000000,13807993000000,None,1299050000000,1299050000000,None,None,16603647000000,2287272000000,1008874000000,None,48856804000000,26101761000000,None,None,None,13777028000000,22755043000000,None,18239266000000,13777028000000,None,32016294000000,5237165000000,1294719000000,30330063000000,None,29279685000000,397050000000,1355566300,JPY,1358218000000,None,None,None,None,505809000000,1174759000000,None,None,None,-1117054000000,-92858000000,None,None,None,None,474781000000,474781000000,None,None,None,None,-34377000000,None,None,None,1326890000000
95,2023Q3,170.77317460317462,171.5504634920635,169.97376984126984,170.74190476190475,279241.07936507935,6.81,4.01,2.8,69.8254,pre-market,JPY,2369936000000,11434786000000,9064850000000,9064850000000,1438394000000,931543000000,314100000000,931543000000,None,126852000000,364626000000,20961000000,None,None,None,514152000000,1800972000000,480341000000,None,1320631000000,None,1438393000000,1952545000000,1278056000000,JPY,83661391000000,31052438000000,7926063000000,7926063000000,4749878000000,None,52608952000000,14134377000000,None,1309946000000,1309946000000,None,None,16755715000000,3494692000000,4673780000000,None,50808623000000,26904958000000,None,None,None,14068253000000,23903665000000,None,19330739000000,14068253000000,None,33398992000000,6957371000000,1326104000000,31893112000000,None,30747689000000,397050000000,1352258900,JPY,919861000000,None,None,None,None,514152000000,1119656000000,None,None,None,-2651591000000,646893000000,None,None,None,None,474781000000,474781000000,None,None,None,None,-82130000000,None,None,None,1320631000000
96,2023Q4,182.10873015873017,183.2565,181.1224603174603,182.3084126984127,309689.61904761905,6.24,4.38,1.86,42.4658,pre-market,JPY,2685290000000,12041103000000,9355813000000,9355813000000,1680944000000,1004347000000,289200000000,1004347000000,None,171912000000,206364000000,34452000000,None,None,None,515432000000,1835540000000,451437000000,None,1384103000000,None,1680944000000,2196376000000,1357814000000,JPY,84232154000000,31854717000000,7583154000000,7583154000000,4294143000000,None,52377436000000,None,None,1321958000000,1321958000000,None,None,16564864000000,4650916000000,5599262000000,None,50708188000000,27072808000000,None,None,None,14703717000000,23635380000000,None,19256186000000,14703717000000,None,33959903000000,6736582000000,1191952000000,32561697000000,None,31726790000000,397050000000,13494135000,JPY,508062000000,None,None,None,None,515432000000,1230573000000,None,None,None,None,1080426000000,None,None,None,None,405416000000,405416000000,None,None,None,None,-75077000000,None,None,None,1384103000000
97,2024Q1,220.90803278688523,222.20684590163933,219.8894737704918,221.33704918032785,305648.3606557377,6.76,5.53,1.23,22.2423,post-market,JPY,2250188000000,11072605000000,8822417000000,8822417000000,1112698000000,1137490000000,304273000000,1137490000000,None,50798000000,89616000000,24957000000,None,None,None,551673000000,1441064000000,568224000000,None,1039797000000,None,1466021000000,2017694000000,997691000000,JPY,90114296000000,34714279000000,6245257000000,6245257000000,4605368000000,None,55400017000000,None,None,1355326000000,1355326000000,None,None,17100665000000,3166803000000,5733267000000,None,54874958000000,29177909000000,None,None,None,15406284000000,25697049000000,462568000000,20766384000000,15332829000000,None,36561780000000,8719015000000,1243953000000,34220991000000,None,32795365000000,397050000000,13478667927,JPY,1420232000000,None,None,None,None,551673000000,1523406000000,None,-207529000000,None,None,863097000000,None,None,None,None,606338000000,606338000000,None,None,None,None,-39485000000,None,None,None,997691000000
98,2024Q2,221.35904761904763,222.3038857142857,220.08806031746033,221.2052380952381,293822.2698412698,4.76,4.67,0.09,1.9272,pre-market,JPY,2428445000000,11837879000000,9409434000000,9409434000000,1308461000000,1119984000000,304600000000,1119984000000,None,157291000000,173800000000,16509000000,None,None,None,575278000000,1707321000000,508435000000,None,1363823000000,None,1308461000000,1883739000000,1333347000000,JPY,94037319000000,35723850000000,7597094000000,7597094000000,4787791000000,None,58313469000000,None,None,1356564000000,1356564000000,None,None,17302581000000,6029041000000,7197268000000,None,57257947000000,30205278000000,None,None,None,16031974000000,27052669000000,None,22193255000000,16721672000000,None,38914927000000,6957511000000,1520849000000,35737744000000,None,32741232000000,397050000000,13469159202,JPY,683661000000,None,None,None,None,575278000000,1497666000000,None,None,None,None,-318790000000,None,None,None,None,606338000000,606338000000,None,None,None,None,-18972000000,None,None,None,1333347000000
99,2024Q3,187.01046875,188.129071875,185.643525,186.7971875,344639.609375,6.3527,6.39,-0.0373,-0.5837,pre-market,JPY,2438491000000,11444571000000,9006080000000,9006080000000,1155756000000,1282735000000,636454000000,1282735000000,None,59960000000,97145000000,37185000000,None,None,None,552686000000,859811000000,357983000000,None,501828000000,None,797618000000,1350304000000,573766000000,JPY,89169296000000,34365661000000,7631457000000,7631457000000,4505280000000,None,54803635000000,None,None,None,None,None,None,16330222000000,6429654000000,7558835000000,None,53902633000000,27973539000000,None,None,None,14890799000000,25929094000000,None,21620853000000,14890799000000,None,36511652000000,7129806000000,1405585000000,34368513000000,None,33617132000000,397050000000,13294299193,JPY,1133516000000,None,None,None,None,552686000000,1358826000000,None,None,None,None,29038000000,None,None,None,None,0,0,None,None,None,None,-884492000000,None,None,None,573766000000
