,Quarter,1. open,2. high,3. low,4. close,5. volume,reportedEPS,estimatedEPS,surprise,surprisePercentage,reportTime,reportedCurrency_x,grossProfit,totalRevenue,costOfRevenue,costofGoodsAndServicesSold,operatingIncome,sellingGeneralAndAdministrative,researchAndDevelopment,operatingExpenses,investmentIncomeNet,netInterestIncome,interestIncome,interestExpense,nonInterestIncome,otherNonOperatingIncome,depreciation,depreciationAndAmortization,incomeBeforeTax,incomeTaxExpense,interestAndDebtExpense,netIncomeFromContinuingOperations,comprehensiveIncomeNetOfTax,ebit,ebitda,netIncome_x,reportedCurrency_y,totalAssets,totalCurrentAssets,cashAndCashEquivalentsAtCarryingValue,cashAndShortTermInvestments,inventory,currentNetReceivables,totalNonCurrentAssets,propertyPlantEquipment,accumulatedDepreciationAmortizationPPE,intangibleAssets,intangibleAssetsExcludingGoodwill,goodwill,investments,longTermInvestments,shortTermInvestments,otherCurrentAssets,otherNonCurrentAssets,totalLiabilities,totalCurrentLiabilities,currentAccountsPayable,deferredRevenue,currentDebt,shortTermDebt,totalNonCurrentLiabilities,capitalLeaseObligations,longTermDebt,currentLongTermDebt,longTermDebtNoncurrent,shortLongTermDebtTotal,otherCurrentLiabilities,otherNonCurrentLiabilities,totalShareholderEquity,treasuryStock,retainedEarnings,commonStock,commonStockSharesOutstanding,reportedCurrency,operatingCashflow,paymentsForOperatingActivities,proceedsFromOperatingActivities,changeInOperatingLiabilities,changeInOperatingAssets,depreciationDepletionAndAmortization,capitalExpenditures,changeInReceivables,changeInInventory,profitLoss,cashflowFromInvestment,cashflowFromFinancing,proceedsFromRepaymentsOfShortTermDebt,paymentsForRepurchaseOfCommonStock,paymentsForRepurchaseOfEquity,paymentsForRepurchaseOfPreferredStock,dividendPayout,dividendPayoutCommonStock,dividendPayoutPreferredStock,proceedsFromIssuanceOfCommonStock,proceedsFromIssuanceOfLongTermDebtAndCapitalSecuritiesNet,proceedsFromIssuanceOfPreferredStock,proceedsFromRepurchaseOfEquity,proceedsFromSaleOfTreasuryStock,changeInCashAndCashEquivalents,changeInExchangeRate,netIncome_y
53,2009Q3,49.98125,50.279046875,49.6227734375,49.9421875,17015534.375,0.88,0.85,0.03,3.5294,pre-market,USD,25820000000,100876000000,75056000000,75153000000,5929000000,19891000000,None,20390000000,42000000,-473000000,42000000,515000000,None,None,None,1757000000,5342000000,1870000000,515000000,3479000000,6532000000,5929000000,7614000000,3472000000,USD,168609000000,48692000000,7997000000,7997000000,33365000000,3684000000,117093000000,97363000000,35707000000,16149000000,16149000000,16149000000,None,None,None,147000000,3581000000,101914000000,57176000000,28797000000,None,8417000000,1122000000,36825000000,3246000000,33579000000,6959000000,33579000000,45242000000,41000000,None,66695000000,-68822000000,62840000000,4173000000,3891000000,USD,6324000000,None,None,None,None,1757000000,3137000000,None,1241000000,3579000000,-3065000000,-1931000000,-388000000,1906000000,None,None,1062000000,1062000000,None,None,None,None,-1906000000,None,1419000000,91000000,3472000000
54,2009Q4,52.333828125000004,52.644984375,51.99631875,52.3509375,14761075.0,0.84,0.81,0.03,3.7037,pre-market,USD,25458000000,99373000000,73915000000,73805000000,5442000000,20016000000,None,20523000000,35000000,-475000000,35000000,510000000,None,None,None,1798000000,4846000000,1702000000,510000000,3151000000,2906000000,5442000000,7154000000,3144000000,USD,172502000000,51516000000,6003000000,6003000000,38129000000,3776000000,118201000000,98436000000,36716000000,16162000000,16162000000,16162000000,None,None,None,145000000,3603000000,105222000000,59155000000,30920000000,None,9752000000,5239000000,37601000000,3207000000,34394000000,4169000000,34394000000,47353000000,38000000,None,67280000000,-69642000000,63697000000,4134000000,3851000000,USD,2545000000,None,None,1760000000,4844000000,1798000000,3141000000,35000000,4809000000,3258000000,-2913000000,-1492000000,4129000000,2313000000,2313000000,None,1050000000,1050000000,None,None,2509000000,None,-2313000000,None,-1994000000,-134000000,3144000000
55,2010Q1,54.079011475409835,54.41687540983607,53.75254426229508,54.101639344262296,13784604.918032788,1.17,1.12,0.05,4.4643,pre-market,USD,28544000000,113622000000,85078000000,85311000000,7458000000,21424000000,None,23506000000,53000000,-469000000,53000000,522000000,None,None,None,1902000000,6757000000,1999000000,522000000,4815000000,5239000000,7458000000,9181000000,4758000000,USD,170407000000,48032000000,7907000000,7907000000,32713000000,4144000000,119612000000,99544000000,38304000000,16126000000,16126000000,16126000000,None,None,None,140000000,3942000000,99939000000,55543000000,30451000000,532000000,4919000000,523000000,36401000000,3170000000,37281000000,4050000000,33231000000,37804000000,92000000,None,70468000000,-72929000000,66357000000,378000000,3786000000,USD,13809000000,None,None,2628000000,-4843000000,1902000000,3299000000,837000000,-5680000000,4933000000,-2959000000,-9265000000,-4508000000,2171000000,2171000000,None,1038000000,1038000000,None,None,81000000,None,-2171000000,None,1904000000,319000000,4758000000
56,2010Q2,52.56650793650794,52.92309523809524,52.135466666666666,52.46420634920635,16793993.65079365,0.88,0.85,0.03,3.5294,pre-market,USD,25193000000,99811000000,74618000000,74703000000,5737000000,19456000000,None,21759000000,51000000,-471000000,51000000,522000000,None,None,None,1864000000,5123000000,1822000000,522000000,3301000000,3155000000,5737000000,7509000000,3301000000,USD,174043000000,51346000000,8516000000,8516000000,35021000000,4235000000,119978000000,100209000000,39602000000,15966000000,15966000000,15859000000,None,None,None,129000000,3910000000,108020000000,64490000000,31372000000,None,11177000000,4812000000,35780000000,3112000000,32668000000,6012000000,32668000000,46957000000,74000000,None,66023000000,-68602000000,62180000000,4059000000,3765000000,USD,973000000,None,None,-1342000000,2327000000,1864000000,2563000000,97000000,2230000000,3444000000,-2236000000,1836000000,4299000000,2967000000,2967000000,None,1136000000,1136000000,None,None,1971000000,None,-2967000000,None,609000000,36000000,3301000000
57,2010Q3,51.2446875,51.6413671875,50.9402359375,51.32234375,12018498.4375,0.97,0.96,0.01,1.0417,pre-market,USD,26288000000,103726000000,77438000000,77523000000,6190000000,20098000000,None,20555000000,57000000,-485000000,57000000,542000000,None,None,None,1884000000,5554000000,1958000000,542000000,3596000000,2713000000,6190000000,7980000000,3596000000,USD,176944000000,53045000000,10195000000,10195000000,34793000000,4531000000,121196000000,101111000000,41012000000,15993000000,15993000000,15993000000,None,None,None,131000000,4092000000,112298000000,65655000000,33953000000,None,10531000000,4639000000,38702000000,3073000000,41175000000,5546000000,35629000000,45814000000,75000000,None,64646000000,None,61746000000,3999000000,3696000000,USD,9046000000,None,None,3094000000,183000000,1884000000,2991000000,327000000,-144000000,3747000000,-3345000000,-3881000000,-179000000,4145000000,4145000000,None,1124000000,1124000000,None,None,4462000000,None,-4145000000,None,1679000000,-141000000,3596000000
58,2010Q4,54.16203125,54.455546875,53.8695375,54.163906250000004,10881712.5,0.9,0.9,0,0,pre-market,USD,26133000000,101952000000,75819000000,75906000000,5611000000,20522000000,None,21004000000,53000000,-516000000,53000000,569000000,None,None,None,1887000000,4941000000,1505000000,569000000,3436000000,4640000000,5611000000,7397000000,3436000000,USD,186890000000,59568000000,10616000000,10616000000,41059000000,4374000000,124592000000,103812000000,41857000000,16586000000,16586000000,16586000000,None,None,None,137000000,4194000000,121365000000,68407000000,36208000000,None,12895000000,7352000000,43899000000,3096000000,45999000000,5196000000,40803000000,53351000000,77000000,None,65525000000,None,61451000000,3969000000,3617000000,USD,2246000000,None,None,1332000000,5576000000,1887000000,3765000000,-334000000,5910000000,3590000000,-3708000000,1715000000,2700000000,3860000000,3860000000,None,1101000000,1101000000,None,None,4950000000,None,-3860000000,None,421000000,168000000,3436000000
59,2011Q1,53.98177419354838,54.3239435483871,53.61105,53.986451612903224,13173274.193548387,1.34,1.31,0.03,2.2901,pre-market,USD,29289000000,116360000000,87071000000,87158000000,8004000000,21285000000,None,26096000000,40000000,-532000000,40000000,572000000,None,None,None,2006000000,8350000000,2294000000,572000000,5022000000,6597000000,8004000000,10928000000,6056000000,USD,180782000000,52012000000,7395000000,7395000000,36437000000,5089000000,125990000000,105098000000,43486000000,16763000000,16763000000,16763000000,None,None,None,3091000000,4129000000,112240000000,58603000000,33676000000,542000000,6022000000,1031000000,43842000000,3150000000,45347000000,4655000000,40692000000,46378000000,47000000,None,68542000000,None,63967000000,352000000,3516000000,USD,11378000000,None,None,-960000000,-4267000000,2006000000,3380000000,643000000,-4910000000,6212000000,-2904000000,-11698000000,-6317000000,3804000000,3804000000,None,1076000000,1076000000,None,None,13000000,None,-3599000000,None,-3221000000,3000000,6056000000
60,2011Q2,53.88111111111111,54.244168253968255,53.59937142857143,53.91238095238095,10169072.80952381,0.98,0.95,0.03,3.1579,pre-market,USD,26012000000,104189000000,78177000000,78177000000,5896000000,20116000000,None,22663000000,44000000,-518000000,44000000,562000000,None,None,None,1985000000,5199000000,1800000000,562000000,3427000000,3631000000,5896000000,7746000000,3399000000,USD,186225000000,56118000000,9400000000,9400000000,38495000000,4785000000,127256000000,106293000000,45473000000,16895000000,16895000000,16895000000,None,None,None,3438000000,4068000000,121219000000,62211000000,34481000000,None,6969000000,3451000000,48697000000,3211000000,48659000000,3173000000,45486000000,52110000000,44000000,None,65006000000,None,60330000000,348000000,3497000000,USD,1974000000,None,None,-2008000000,1372000000,1985000000,2389000000,-341000000,1713000000,3550000000,-1869000000,1666000000,2428000000,2129000000,2129000000,None,1274000000,1274000000,None,None,4921000000,None,-2129000000,None,2005000000,234000000,3399000000
61,2011Q3,52.328125,52.7888671875,51.916134375,52.33578125,14039017.1875,1.09,1.08,0.01,0.9259,pre-market,USD,27596000000,109366000000,81770000000,81770000000,6383000000,21213000000,None,21813000000,22000000,-578000000,22000000,600000000,None,None,None,2042000000,5669000000,1868000000,600000000,3801000000,4209000000,6383000000,8311000000,3801000000,USD,193872000000,55630000000,8102000000,8102000000,38867000000,5265000000,135381000000,108729000000,45256000000,21532000000,21532000000,21532000000,None,None,None,3396000000,5120000000,125931000000,64840000000,34917000000,None,8626000000,6435000000,48452000000,3214000000,47025000000,1787000000,45238000000,53460000000,28000000,None,67941000000,None,62779000000,346000000,3472000000,USD,7734000000,None,None,488000000,-782000000,2042000000,3282000000,22000000,-804000000,3937000000,-7023000000,-1872000000,2908000000,1411000000,1411000000,None,1267000000,1267000000,None,None,28000000,None,-1411000000,None,-1298000000,-137000000,3801000000
62,2011Q4,57.08111111111111,57.570007936507935,56.77123650793651,57.205396825396825,10865725.396825397,0.97,0.98,-0.01,-1.0204,pre-market,USD,27635000000,110226000000,82591000000,82591000000,5878000000,21757000000,None,22357000000,65000000,-535000000,65000000,600000000,None,None,None,2040000000,5178000000,1842000000,600000000,3344000000,675000000,5878000000,7818000000,3336000000,USD,195244000000,59476000000,7063000000,7063000000,44340000000,4757000000,133105000000,107729000000,43909000000,20409000000,20409000000,20409000000,None,None,None,3316000000,4967000000,128081000000,67544000000,37555000000,None,11385000000,9594000000,47851000000,2979000000,46342000000,1470000000,44872000000,55936000000,27000000,None,67163000000,None,64769000000,344000000,3445000000,USD,3206000000,None,None,2756000000,6182000000,2040000000,3872000000,-180000000,6362000000,3493000000,-3922000000,-78000000,3222000000,1417000000,1417000000,None,1259000000,1259000000,None,None,59000000,None,-1417000000,None,-1039000000,-245000000,3336000000
63,2012Q1,60.46290322580645,60.80714032258064,60.16042741935484,60.519435483870964,8850220.967741935,1.44,1.45,-0.01,-0.6897,pre-market,USD,30580000000,123169000000,92589000000,92589000000,8334000000,21939000000,None,27510000000,31000000,-528000000,32000000,560000000,None,None,None,2039000000,7577000000,2414000000,560000000,5162000000,5128000000,8334000000,10176000000,5163000000,USD,193406000000,54975000000,6550000000,6550000000,40714000000,5937000000,135710000000,109603000000,45399000000,20651000000,20651000000,20651000000,62733000000,None,None,1774000000,5456000000,122091000000,62300000000,36608000000,559000000,6348000000,4047000000,47079000000,3009000000,46045000000,1975000000,44070000000,50092000000,26000000,None,71315000000,None,68691000000,342000000,3418000000,USD,11341000000,None,None,1510000000,-2249000000,2063000000,17477000000,1295000000,-3544000000,5407000000,-3795000000,-8174000000,-5539000000,1341000000,1341000000,None,1248000000,1248000000,None,None,42000000,None,-921000000,None,-513000000,115000000,5163000000
64,2012Q2,62.888888888888886,63.4,62.59206507936508,63.05714285714286,11557947.61904762,1.09,1.04,0.05,4.8077,pre-market,USD,27756000000,112901000000,85145000000,85186000000,6387000000,21445000000,None,24124000000,38000000,-535000000,38000000,573000000,None,None,None,2106000000,5699000000,1958000000,573000000,3742000000,4689000000,6387000000,8378000000,3741000000,USD,197100000000,57276000000,8117000000,8117000000,41284000000,5574000000,137081000000,110729000000,47600000000,21003000000,21003000000,21003000000,None,None,None,2301000000,5349000000,128136000000,68978000000,37068000000,None,8630000000,5799000000,45996000000,3040000000,45465000000,2509000000,42956000000,51264000000,24000000,None,68964000000,None,65463000000,339000000,3409000000,USD,5434000000,None,None,-348000000,-195000000,2106000000,2375000000,-494000000,150000000,3893000000,-2436000000,-1807000000,1763000000,1589000000,1589000000,None,1352000000,1352000000,None,None,5000000,None,-1589000000,None,1567000000,376000000,3741000000
65,2012Q3,73.0815873015873,73.5495238095238,72.71770317460317,73.17492063492064,7871587.301587301,1.18,1.17,0.01,0.8547,pre-market,USD,28563000000,114174000000,85611000000,85657000000,6698000000,21941000000,None,22496000000,50000000,-505000000,50000000,555000000,None,None,None,2127000000,6049000000,2032000000,555000000,4016000000,2948000000,6698000000,8731000000,4017000000,USD,195661000000,56259000000,7935000000,7935000000,40558000000,5365000000,136713000000,110958000000,48961000000,20081000000,20081000000,20081000000,None,None,None,2401000000,5674000000,125383000000,68315000000,36067000000,None,10446000000,6091000000,44177000000,2975000000,45231000000,4029000000,41202000000,51322000000,24000000,None,70278000000,None,67732000000,338000000,3384000000,USD,6161000000,None,None,-647000000,-511000000,2127000000,3147000000,-134000000,-387000000,4162000000,-3262000000,-2971000000,298000000,1840000000,1840000000,None,1346000000,1346000000,None,None,145000000,None,-1840000000,None,-182000000,-110000000,4017000000
66,2012Q4,72.17467741935484,72.62321612903226,71.64764032258064,72.07983870967742,8660958.064516129,1.08,1.07,0.01,0.9346,pre-market,USD,28330000000,113800000000,85470000000,85517000000,6093000000,22237000000,None,22886000000,43000000,-546000000,44000000,590000000,None,None,None,2071000000,5373000000,1738000000,590000000,3624000000,4604000000,6093000000,8034000000,3635000000,USD,205818000000,63431000000,8643000000,8643000000,47487000000,5567000000,139695000000,112561000000,50450000000,20572000000,20572000000,20572000000,None,None,55000000,1734000000,6562000000,131927000000,76845000000,40272000000,None,15621000000,8740000000,41836000000,2964000000,45422000000,6550000000,38872000000,54162000000,25000000,None,73891000000,None,70256000000,336000000,3364000000,USD,4312000000,None,None,4298000000,6385000000,2089000000,3399000000,127000000,6696000000,3825000000,-3654000000,84000000,2639000000,1228000000,1228000000,None,1336000000,1336000000,None,None,49000000,None,-1228000000,None,708000000,-34000000,3635000000
67,2013Q1,70.89883166666667,71.39302833333333,70.55277500000001,71.02600000000001,8482003.333333334,1.67,1.57,0.1,6.3694,pre-market,USD,31705000000,127776000000,96071000000,96128000000,8580000000,23125000000,None,29271000000,56000000,-477000000,130000000,607000000,None,None,None,2174000000,7846000000,2240000000,607000000,5597000000,5581000000,8580000000,10627000000,5606000000,USD,203105000000,59940000000,7781000000,7781000000,43803000000,6768000000,140413000000,113929000000,51896000000,20497000000,20497000000,20497000000,None,None,29000000,1588000000,5987000000,126762000000,71818000000,38080000000,575000000,12719000000,6805000000,41417000000,3023000000,43981000000,5587000000,38394000000,50786000000,15957000000,None,76343000000,None,72978000000,332000000,3341000000,USD,9684000000,None,None,-990000000,-2173000000,2179000000,3977000000,1115000000,-3700000000,5876000000,-3285000000,-7252000000,-1946000000,2943000000,2943000000,None,1327000000,1327000000,None,None,12000000,None,-2623000000,None,-862000000,-9000000,5606000000
68,2013Q2,76.8749984375,77.41756875,76.4131328125,76.88578125000001,7656085.9375,1.14,1.15,-0.01,-0.8696,pre-market,USD,28080000000,114071000000,85991000000,86027000000,6438000000,21641000000,None,24472000000,44000000,-530000000,44000000,574000000,None,None,None,2187000000,5760000000,1976000000,574000000,3775000000,2403000000,6438000000,8521000000,3784000000,USD,202187000000,60176000000,8855000000,8855000000,43138000000,6191000000,139272000000,113692000000,53395000000,19734000000,19734000000,19734000000,None,None,11000000,1992000000,5846000000,131938000000,73552000000,36770000000,None,12533000000,6255000000,44551000000,3015000000,47503000000,5967000000,41536000000,53758000000,21931000000,None,70249000000,None,68489000000,329000000,3301000000,USD,4894000000,None,None,-2154000000,-1279000000,2194000000,2968000000,-567000000,-584000000,3944000000,-2982000000,-755000000,-551000000,2246000000,2246000000,None,1549000000,1549000000,None,None,4977000000,None,-2246000000,None,1074000000,-83000000,3784000000
69,2013Q3,75.63796875,76.030584375,75.2135984375,75.6290625,5796625.0,1.25,1.25,0,0,pre-market,USD,29409000000,116829000000,87420000000,87455000000,6777000000,22633000000,None,23286000000,36000000,-552000000,37000000,589000000,None,None,None,2215000000,6089000000,2020000000,589000000,4062000000,3148000000,6777000000,8893000000,4069000000,USD,200969000000,60002000000,9016000000,9016000000,42793000000,5996000000,138335000000,113362000000,54724000000,19280000000,19280000000,19280000000,None,None,16000000,2197000000,5693000000,129308000000,72214000000,36701000000,None,13640000000,8639000000,43585000000,2907000000,45370000000,4692000000,40678000000,54009000000,21757000000,None,71661000000,None,70791000000,327000000,3278000000,USD,6357000000,None,None,-457000000,-210000000,2223000000,3098000000,122000000,15000000,4216000000,-3055000000,-3121000000,2420000000,1850000000,1850000000,None,1543000000,1543000000,None,None,349000000,None,-1850000000,None,161000000,-20000000,4069000000
70,2013Q4,77.3726546875,77.80515625,76.92456875,77.4728125,5966926.5625,1.14,1.13,0.01,0.885,pre-market,USD,29001000000,115688000000,86687000000,86687000000,6310000000,22691000000,None,23283000000,12000000,-580000000,12000000,592000000,None,None,None,2198000000,5598000000,1860000000,592000000,3727000000,4444000000,6310000000,8388000000,3738000000,USD,209876000000,67142000000,8736000000,8736000000,49673000000,6206000000,140161000000,114654000000,56313000000,19729000000,19729000000,19729000000,None,None,11000000,2527000000,5778000000,136483000000,77021000000,39221000000,None,17279000000,12817000000,44543000000,2841000000,45849000000,4147000000,41702000000,58666000000,87000000,None,73393000000,None,72888000000,324000000,3257000000,USD,2069000000,None,None,2304000000,6934000000,2183000000,3440000000,254000000,6799000000,3885000000,-3104000000,840000000,4177000000,1710000000,1710000000,None,1533000000,1533000000,None,None,1727000000,None,-1710000000,None,-280000000,-85000000,3738000000
71,2014Q1,75.33926229508197,75.80245737704918,74.86335901639345,75.33721311475409,7050401.639344262,1.6,1.59,0.01,0.6289,pre-market,USD,31735000000,129706000000,97971000000,97971000000,7347000000,24388000000,None,30377000000,27000000,-554000000,27000000,581000000,None,None,None,2270000000,6680000000,2249000000,581000000,4354000000,3618000000,7347000000,9531000000,4431000000,USD,204541000000,61185000000,7281000000,7281000000,44858000000,6677000000,141023000000,115364000000,57725000000,19510000000,19510000000,19510000000,None,None,5000000,2369000000,6149000000,128496000000,69345000000,37415000000,641000000,12082000000,7670000000,44559000000,2788000000,45874000000,4103000000,41771000000,45874000000,89000000,None,76255000000,None,76566000000,323000000,3239000000,USD,9937000000,None,None,-283000000,-2933000000,2270000000,3609000000,757000000,-4563000000,4650000000,-3385000000,-7753000000,-5135000000,877000000,877000000,None,1514000000,1514000000,None,None,19000000,None,-769000000,None,-1455000000,-254000000,4431000000
72,2014Q2,77.03642857142857,77.39079523809524,76.68951746031746,77.06650793650793,6048968.253968254,1.1,1.15,-0.05,-4.3478,pre-market,USD,28246000000,114960000000,86714000000,86714000000,6193000000,22053000000,None,24895000000,24000000,-568000000,24000000,592000000,None,None,None,2250000000,5507000000,1914000000,592000000,3582000000,3877000000,6193000000,8349000000,3593000000,USD,202517000000,59687000000,6012000000,6012000000,45315000000,6096000000,140562000000,115146000000,59585000000,19515000000,19515000000,19515000000,None,None,None,2264000000,5672000000,129429000000,67921000000,36347000000,None,7104000000,3517000000,48441000000,2742000000,48986000000,3266000000,45491000000,48986000000,70000000,None,73088000000,None,73366000000,323000000,3233000000,USD,5939000000,None,None,-781000000,-216000000,2250000000,2157000000,-613000000,423000000,3726000000,-2121000000,-5177000000,-4129000000,626000000,626000000,None,1547000000,1547000000,None,None,4519000000,None,-626000000,None,-1269000000,90000000,3593000000
73,2014Q3,75.675625,76.06240625,75.3764265625,75.74859375,5359256.328125,1.21,1.21,0,0,pre-market,USD,30115000000,120125000000,90010000000,90010000000,6740000000,23375000000,None,23945000000,32000000,-538000000,32000000,570000000,None,None,None,2277000000,6206000000,2113000000,570000000,3923000000,4848000000,6740000000,9053000000,4093000000,USD,203762000000,59632000000,6184000000,6184000000,45451000000,6146000000,141896000000,116266000000,61709000000,19758000000,19758000000,19758000000,None,None,None,1851000000,5649000000,126016000000,67132000000,36828000000,None,8476000000,3516000000,45699000000,2695000000,47663000000,4639000000,42801000000,47663000000,21337000000,None,77746000000,None,77172000000,323000000,3230000000,USD,5961000000,None,None,-693000000,-164000000,2277000000,2956000000,-91000000,-20000000,4359000000,-2219000000,-3578000000,-1000000,307000000,307000000,None,1547000000,1547000000,None,None,46000000,None,-307000000,None,172000000,8000000,4093000000
74,2014Q4,80.95296875,81.607428125,80.4323421875,81.05984375,7431565.484375,1.15,1.12,0.03,2.6786,pre-market,USD,29754000000,119001000000,89247000000,89247000000,6265000000,23489000000,None,23489000000,20000000,-656000000,20000000,676000000,None,None,None,2354000000,5494000000,1783000000,676000000,3711000000,1417000000,6265000000,8524000000,3711000000,USD,207668000000,65841000000,6718000000,6718000000,51501000000,6091000000,139531000000,114975000000,62519000000,18888000000,18888000000,18888000000,None,None,None,1531000000,5447000000,128559000000,71540000000,39656000000,None,11195000000,6019000000,44487000000,2767000000,46594000000,4854000000,41519000000,46594000000,20326000000,None,79109000000,None,80814000000,323000000,3229000000,USD,3570000000,None,None,4548000000,7542000000,2354000000,3130000000,-245000000,6526000000,3826000000,-2817000000,-103000000,2287000000,82000000,82000000,None,1545000000,1545000000,None,None,555000000,None,-82000000,None,534000000,-116000000,3711000000
75,2015Q1,85.09590163934426,85.69862295081967,84.49150819672131,85.1072131147541,7211409.409836066,1.61,1.53,0.08,5.2288,pre-market,USD,32450000000,131565000000,99115000000,99115000000,7949000000,24501000000,None,27110000000,37000000,-586000000,37000000,623000000,None,None,None,2292000000,7141000000,2175000000,623000000,4966000000,2049000000,7949000000,10056000000,4966000000,USD,203490000000,63278000000,9135000000,9135000000,45141000000,6778000000,138053000000,114280000000,63115000000,18102000000,18102000000,18102000000,None,512000000,None,2224000000,5455000000,122096000000,65253000000,38410000000,759000000,6689000000,1592000000,43692000000,2606000000,45680000000,4791000000,40889000000,45680000000,16560000000,None,81394000000,None,85777000000,323000000,3227000000,USD,13094000000,None,None,1019000000,-5430000000,2292000000,3931000000,-1028000000,-5700000000,5188000000,-3968000000,-6213000000,-4445000000,0,0,None,1546000000,1546000000,None,None,54000000,None,0,None,2417000000,-496000000,4966000000
76,2015Q2,76.67873015873016,77.06594761904762,76.19099682539682,76.49253968253967,7480293.285714285,1.03,1.04,-0.01,-0.9615,pre-market,USD,28343000000,114826000000,86483000000,86483000000,5680000000,22663000000,None,24982000000,19000000,-824000000,19000000,843000000,None,None,None,2319000000,4914000000,1573000000,843000000,3341000000,1914000000,5680000000,8076000000,3341000000,USD,200747000000,62133000000,7759000000,7759000000,46310000000,5813000000,135080000000,112151000000,64252000000,17531000000,17531000000,17531000000,None,None,None,2251000000,5398000000,124173000000,69624000000,37224000000,None,7267000000,799000000,42964000000,4097000000,44908000000,6041000000,38867000000,44908000000,23426000000,None,76574000000,None,82492000000,323000000,3231000000,USD,4446000000,None,None,-543000000,1634000000,2319000000,2203000000,782000000,1475000000,3283000000,-2113000000,-3695000000,-741000000,280000000,280000000,None,1579000000,1579000000,None,None,43000000,None,-280000000,None,-1376000000,-14000000,3341000000
77,2015Q3,68.88421875,69.3657796875,68.328609375,68.8253125,8880583.359375,1.08,1.12,-0.04,-3.5714,pre-market,USD,30173000000,120229000000,90056000000,90056000000,6069000000,24104000000,None,24104000000,24000000,-543000000,24000000,567000000,None,None,None,2339000000,5366000000,1891000000,567000000,3475000000,3682000000,6069000000,8272000000,3475000000,USD,198620000000,58132000000,5751000000,5751000000,45007000000,5275000000,136801000000,112824000000,66075000000,17799000000,17799000000,17799000000,None,None,None,2099000000,6178000000,119749000000,65262000000,37225000000,None,6212000000,1725000000,42843000000,4262000000,42605000000,4024000000,38581000000,42605000000,21452000000,None,78871000000,None,84959000000,321000000,3221000000,USD,5656000000,None,None,-1523000000,-1011000000,2339000000,2841000000,-99000000,-1248000000,3635000000,-2489000000,-5079000000,1015000000,1003000000,1003000000,None,1578000000,1578000000,None,None,-1000000,None,-1003000000,None,-2008000000,-96000000,3475000000
78,2015Q4,60.2696875,60.779859375,59.776171875,60.19328125,12478871.734375,0.99,0.98,0.01,1.0204,pre-market,USD,29962000000,117408000000,87446000000,87446000000,5714000000,24248000000,None,24248000000,21000000,-552000000,21000000,573000000,None,None,None,2365000000,5052000000,1748000000,573000000,3304000000,1033000000,5714000000,7990000000,3304000000,USD,205144000000,65112000000,6990000000,6990000000,50706000000,5012000000,133911000000,110835000000,65825000000,17051000000,17051000000,17051000000,None,None,None,2404000000,6025000000,125573000000,70492000000,40553000000,None,8264000000,4960000000,44198000000,5581000000,41363000000,2746000000,38617000000,41363000000,21088000000,None,79571000000,None,87903000000,321000000,3210000000,USD,4903000000,None,None,5913000000,7001000000,2365000000,3179000000,100000000,6410000000,3414000000,-2965000000,-485000000,3263000000,437000000,437000000,None,1571000000,1571000000,None,None,-1000000,None,-437000000,None,1239000000,-214000000,3304000000
79,2016Q1,65.56967213114754,66.34562459016394,65.02031147540984,65.77655737704917,11978700.37704918,1.49,1.46,0.03,2.0548,pre-market,USD,32668000000,129667000000,96999000000,96999000000,6642000000,26026000000,None,28728000000,17000000,-548000000,17000000,565000000,None,None,None,2431000000,5920000000,1346000000,565000000,4574000000,3636000000,6642000000,8916000000,4574000000,USD,199581000000,60239000000,8705000000,8705000000,44469000000,5624000000,132997000000,110171000000,66787000000,16695000000,16695000000,16695000000,None,621000000,None,1441000000,6131000000,119035000000,64619000000,38487000000,744000000,6004000000,2708000000,44030000000,5816000000,40959000000,2745000000,38214000000,40959000000,17063000000,None,80546000000,None,90021000000,317000000,3165000000,USD,12547000000,None,None,-1008000000,-6249000000,2431000000,3254000000,-802000000,-5934000000,4748000000,-3108000000,-7026000000,-2302000000,2392000000,2392000000,None,1566000000,1566000000,None,None,-2000000,None,-2392000000,None,1715000000,-698000000,4574000000
80,2016Q2,69.35,69.8574515625,68.918609375,69.4384375,8752779.828125,0.98,0.88,0.1,11.3636,pre-market,USD,29360000000,115904000000,86544000000,86544000000,5275000000,24085000000,None,26473000000,24000000,-561000000,24000000,585000000,None,None,None,2388000000,4577000000,1498000000,585000000,3079000000,3681000000,5275000000,7550000000,3079000000,USD,198705000000,59097000000,7597000000,7597000000,44513000000,5187000000,132901000000,109787000000,68509000000,16751000000,16751000000,16751000000,None,None,None,1800000000,6363000000,123522000000,70282000000,37997000000,None,6629000000,3813000000,43393000000,6242000000,39408000000,2257000000,37151000000,39408000000,24328000000,None,75183000000,None,84145000000,313000000,3144000000,USD,6193000000,None,None,-14000000,-142000000,2388000000,2209000000,494000000,-264000000,3216000000,-2119000000,-5432000000,1065000000,2735000000,2735000000,None,1573000000,1573000000,None,None,127000000,None,-2735000000,None,-1108000000,250000000,3079000000
81,2016Q3,72.845625,73.23090625,72.386290625,72.7828125,8232608.84375,1.07,1.02,0.05,4.902,pre-market,USD,31369000000,120854000000,89485000000,89485000000,6165000000,25204000000,None,25204000000,22000000,-566000000,22000000,588000000,0,None,None,2517000000,5483000000,1710000000,588000000,3773000000,3096000000,6165000000,8588000000,3773000000,USD,197886000000,58232000000,7676000000,7676000000,43453000000,5275000000,133111000000,108867000000,69729000000,16339000000,16339000000,16339000000,None,None,None,1828000000,7905000000,121361000000,68122000000,39902000000,None,4748000000,1932000000,42743000000,6070000000,38938000000,2265000000,36673000000,38938000000,22752000000,None,76525000000,None,85972000000,310000000,3109000000,USD,8738000000,None,None,1765000000,-946000000,2517000000,2410000000,-51000000,-791000000,3889000000,-2297000000,-5782000000,-1922000000,2117000000,2117000000,None,1560000000,1560000000,None,None,3000000,None,-2117000000,None,79000000,-580000000,3773000000
82,2016Q4,70.0047619047619,70.45890793650794,69.60896666666666,70.02111111111111,8628770.603174603,0.98,0.96,0.02,2.0833,pre-market,USD,30695000000,118179000000,87484000000,87484000000,5119000000,25576000000,None,25576000000,24000000,-585000000,24000000,609000000,0,None,None,2469000000,4366000000,1332000000,609000000,3034000000,2371000000,5119000000,7444000000,3034000000,USD,206857000000,63401000000,5939000000,5939000000,49822000000,5344000000,137044000000,108676000000,70991000000,17792000000,17792000000,17792000000,None,None,None,2296000000,10576000000,129164000000,74130000000,42990000000,None,7897000000,5082000000,42108000000,5930000000,38444000000,2266000000,36178000000,38444000000,22784000000,None,77693000000,None,87636000000,308000000,3089000000,USD,4850000000,None,None,4677000000,5437000000,2469000000,2840000000,-172000000,6571000000,3202000000,-6634000000,-58000000,3159000000,1402000000,1402000000,None,1549000000,1549000000,None,None,4000000,None,-1402000000,None,-1737000000,105000000,3034000000
83,2017Q1,68.99225806451612,69.47375483870968,68.6285064516129,69.03903225806452,9364409.338709677,1.3,1.29,0.01,0.7752,pre-market,USD,33193000000,130936000000,97743000000,97743000000,6205000000,26988000000,None,29825000000,30000000,-555000000,30000000,585000000,0,None,None,2706000000,5421000000,1664000000,585000000,3757000000,1860000000,6205000000,8712000000,3757000000,USD,198825000000,57689000000,6867000000,6867000000,43046000000,5835000000,134668000000,107710000000,71782000000,17037000000,17037000000,17037000000,None,479000000,None,1941000000,9921000000,121027000000,66928000000,41433000000,743000000,3920000000,1099000000,42018000000,6003000000,38271000000,2256000000,36015000000,38271000000,17838000000,None,77798000000,None,89354000000,305000000,3062000000,USD,11892000000,None,None,-857000000,-6131000000,2706000000,3160000000,-673000000,-6537000000,3986000000,-2846000000,-7800000000,-3975000000,2044000000,2044000000,None,1534000000,1534000000,None,None,3000000,None,-2044000000,None,928000000,-227000000,3757000000
84,2017Q2,76.06968253968255,76.54675873015874,75.71496349206349,76.16047619047619,8764130.650793651,1,0.96,0.04,4.1667,pre-market,USD,29854000000,117542000000,87688000000,87688000000,5237000000,24617000000,None,27168000000,35000000,-563000000,35000000,598000000,116526000000,None,None,2551000000,4561000000,1522000000,598000000,3039000000,4317000000,5237000000,7710000000,3039000000,USD,199718000000,57336000000,6545000000,6545000000,43361000000,5252000000,135663000000,107450000000,73625000000,17575000000,17575000000,17575000000,None,None,None,2178000000,10638000000,126027000000,74193000000,41367000000,None,6472000000,2617000000,40025000000,6251000000,37030000000,3256000000,33774000000,37030000000,24336000000,None,73691000000,None,84120000000,302000000,3035000000,USD,5385000000,None,None,-942000000,-68000000,2551000000,1990000000,726000000,-66000000,3152000000,-1861000000,-3972000000,1482000000,2185000000,2185000000,None,1549000000,1549000000,None,None,0,None,-2185000000,None,-322000000,139000000,3039000000
85,2017Q3,78.68698412698413,79.20880476190476,78.25326984126984,78.7036507936508,7967089.142857143,1.08,1.07,0.01,0.9346,pre-market,USD,31834000000,123355000000,91521000000,91521000000,5969000000,25865000000,None,25865000000,38000000,-575000000,38000000,613000000,-788000000,-788000000,None,2618000000,4401000000,1502000000,1401000000,2899000000,4753000000,5969000000,7632000000,2899000000,USD,201566000000,56763000000,6469000000,6469000000,43442000000,5395000000,137620000000,108170000000,75375000000,18037000000,18037000000,18037000000,None,None,None,1457000000,11413000000,125177000000,72811000000,42389000000,None,7174000000,3262000000,40469000000,6763000000,36960000000,3254000000,33706000000,36960000000,22743000000,None,76389000000,None,84838000000,299000000,3008000000,USD,5975000000,None,None,-807000000,-259000000,2618000000,2433000000,-141000000,-167000000,3104000000,-1681000000,-4659000000,662000000,2262000000,2262000000,None,1539000000,1539000000,None,None,1503000000,None,-2262000000,None,-76000000,293000000,2899000000
86,2017Q4,91.67547619047619,92.36000158730158,91.09146031746032,91.78904761904762,9128407.253968254,1,0.97,0.03,3.0928,pre-market,USD,31632000000,123179000000,91547000000,91547000000,4764000000,26868000000,None,26868000000,42000000,-541000000,42000000,583000000,-1344000000,-1344000000,None,2658000000,2724000000,975000000,1927000000,1749000000,1716000000,4764000000,5965000000,1749000000,USD,209414000000,65368000000,7026000000,7026000000,50147000000,5865000000,136902000000,108155000000,76948000000,18204000000,18204000000,18204000000,None,None,None,2330000000,10543000000,133269000000,80435000000,47587000000,None,9021000000,5114000000,40906000000,6700000000,37463000000,3257000000,34206000000,37463000000,23287000000,None,76145000000,None,84480000000,297000000,2981000000,USD,5700000000,None,None,7290000000,6542000000,2658000000,2485000000,-1114000000,6679000000,1904000000,-2312000000,-2785000000,1860000000,2209000000,2209000000,None,1526000000,1526000000,None,None,5973000000,None,-2209000000,None,557000000,-46000000,1749000000
87,2018Q1,96.58098360655737,97.53032786885247,95.48229508196721,96.49819672131149,11680874.131147541,1.33,1.37,-0.04,-2.9197,pre-market,USD,33627000000,136267000000,102640000000,102640000000,4467000000,29160000000,None,34569000000,37000000,-499000000,37000000,536000000,135150000000,-1004000000,None,2702000000,2776000000,601000000,1540000000,2175000000,3127000000,4467000000,6014000000,2175000000,USD,204522000000,59664000000,6756000000,6756000000,43783000000,5614000000,137715000000,107675000000,77479000000,18242000000,18242000000,18242000000,None,2008000000,None,3511000000,11798000000,126653000000,78521000000,46092000000,730000000,9662000000,5257000000,36825000000,6780000000,33783000000,3738000000,30045000000,33783000000,20750000000,None,77869000000,None,85107000000,295000000,2956000000,USD,11277000000,None,None,-1084000000,-5771000000,2702000000,3143000000,-545000000,-6306000000,2363000000,-3225000000,-8459000000,144000000,1640000000,1640000000,None,1510000000,1510000000,None,None,0,None,-1640000000,None,-270000000,101000000,2175000000
88,2018Q2,85.2778125,85.956875,84.5840625,85.28265625,9351218.84375,1.14,1.12,0.02,1.7857,pre-market,USD,30983000000,122690000000,91707000000,91707000000,5154000000,25829000000,None,28507000000,43000000,-487000000,43000000,530000000,121630000000,-1845000000,None,2678000000,2680000000,546000000,530000000,2134000000,3470000000,5154000000,5888000000,2134000000,USD,204927000000,59242000000,7885000000,7885000000,43303000000,4568000000,138507000000,107622000000,79407000000,18850000000,18850000000,18850000000,None,5737000000,None,3486000000,12035000000,129375000000,80757000000,44612000000,None,10038000000,7762000000,36305000000,0,31053000000,1576000000,29477000000,31053000000,25389000000,None,75552000000,None,82982000000,294000000,2950000000,USD,5161000000,None,None,-3534000000,-497000000,2678000000,1818000000,1134000000,-547000000,2276000000,-1682000000,-2486000000,2501000000,539000000,539000000,None,1533000000,1533000000,None,None,0,None,-539000000,None,993000000,None,2134000000
89,2018Q3,91.74777777777777,92.41238095238094,91.23984126984126,91.76015873015874,7150507.174603174,1.29,1.22,0.07,5.7377,pre-market,USD,32457000000,128028000000,95571000000,95571000000,5750000000,26707000000,None,26707000000,51000000,-503000000,51000000,554000000,0,-4849000000,None,2654000000,264000000,1125000000,554000000,-861000000,-3209000000,5750000000,3472000000,-861000000,USD,206062000000,66370000000,15840000000,15840000000,41985000000,5002000000,132694000000,104019000000,78505000000,17840000000,17840000000,17840000000,None,5613000000,None,3543000000,10835000000,134877000000,71683000000,43128000000,1932000000,2228000000,444000000,51568000000,0,46048000000,1090000000,44958000000,46048000000,25903000000,None,71185000000,None,80810000000,294000000,2946000000,USD,5934000000,None,None,4000000,173000000,2654000000,2464000000,-877000000,106000000,-727000000,-2746000000,4966000000,-7262000000,1305000000,1305000000,None,1534000000,1534000000,None,None,15851000000,None,-1305000000,None,-727000000,None,-861000000
90,2018Q4,96.16746031746032,97.15190476190476,95.2502380952381,96.18190476190476,9439224.825396825,1.08,1.01,0.07,6.9307,pre-market,USD,31778000000,124894000000,93116000000,93116000000,4986000000,26792000000,None,26792000000,59000000,-534000000,59000000,593000000,123897000000,-1876000000,None,2615000000,2469000000,759000000,593000000,1710000000,2870000000,4986000000,5677000000,1710000000,USD,226583000000,69446000000,9174000000,9174000000,50380000000,5785000000,150146000000,104358000000,80126000000,31044000000,31044000000,31044000000,None,3816000000,None,4107000000,14744000000,154587000000,85751000000,49729000000,None,11095000000,7795000000,49896000000,0,45866000000,2591000000,43275000000,45866000000,24311000000,None,71996000000,None,80287000000,291000000,2924000000,USD,6213000000,None,None,7664000000,7949000000,2615000000,2732000000,-79000000,7720000000,1817000000,-16126000000,3441000000,7372000000,2317000000,2317000000,None,1530000000,1530000000,None,None,0,None,-2317000000,None,1817000000,None,1710000000
91,2019Q1,97.22032786885245,97.9383819672131,96.52131147540985,97.27065573770493,7683473.852459016,1.41,1.33,0.08,6.015,pre-market,USD,33886000000,138793000000,104907000000,104907000000,6067000000,27819000000,None,30554000000,64000000,-605000000,64000000,669000000,137743000000,202000000,None,2731000000,5538000000,1851000000,669000000,3687000000,3614000000,6067000000,8938000000,3687000000,USD,219295000000,61897000000,7722000000,7722000000,44269000000,6283000000,150320000000,104317000000,81493000000,31181000000,5800000000,31181000000,None,3995000000,None,3623000000,14822000000,146799000000,77477000000,47060000000,1932000000,7830000000,5225000000,50203000000,0,45396000000,1876000000,43520000000,45396000000,20655000000,None,72496000000,None,80785000000,288000000,2896000000,USD,10445000000,None,None,-2160000000,-5815000000,10324000000,3330000000,-546000000,-5968000000,3813000000,-3482000000,-8458000000,-2664000000,3249000000,3249000000,None,1505000000,1505000000,None,None,21000000,None,-3249000000,None,3813000000,None,3687000000
92,2019Q2,103.15428571428572,103.97603174603174,102.62301587301587,103.38873015873016,6157147.857142857,1.13,1.02,0.11,10.7843,pre-market,USD,30891000000,123925000000,93034000000,93034000000,4945000000,25946000000,None,28660000000,48000000,-625000000,48000000,673000000,122949000000,837000000,None,2714000000,5093000000,1251000000,673000000,3842000000,4293000000,4945000000,8480000000,3842000000,USD,234544000000,61739000000,9255000000,9255000000,44751000000,5342000000,152168000000,104604000000,None,31416000000,None,31416000000,None,4799000000,None,2391000000,16148000000,166339000000,79888000000,45110000000,None,6292000000,4828000000,47425000000,3810000000,48889000000,1464000000,47425000000,48889000000,25574000000,None,68205000000,None,76276000000,286000000,2869000000,USD,3563000000,None,None,-3022000000,297000000,111000000,2205000000,970000000,421000000,3906000000,-1135000000,-846000000,-399000000,2135000000,2135000000,None,1520000000,1520000000,None,None,3978000000,None,-2135000000,None,1582000000,None,3842000000
93,2019Q3,113.34953125,114.06421875,112.47328125,113.22859375,5561754.1875,1.27,1.22,0.05,4.0984,pre-market,USD,32454000000,130377000000,97923000000,97923000000,5583000000,26871000000,None,26987000000,56000000,-585000000,48000000,633000000,129388000000,-85000000,None,2722000000,4843000000,1233000000,633000000,3610000000,3431000000,5583000000,8198000000,3610000000,USD,234861000000,61371000000,9283000000,9283000000,44134000000,5382000000,173490000000,104674000000,None,31454000000,None,31454000000,None,4820000000,None,2572000000,16174000000,164534000000,80283000000,45871000000,1765000000,10311000000,3681000000,64398000000,3915000000,48800000000,4396000000,44404000000,48800000000,23714000000,None,70327000000,None,78432000000,285000000,2853000000,USD,7622000000,None,None,129000000,-758000000,116000000,2666000000,8000000,-641000000,3680000000,-2689000000,-4685000000,-1165000000,1572000000,1572000000,None,1516000000,1516000000,None,None,42000000,None,-1572000000,None,3680000000,None,3610000000
94,2019Q4,119.25734375,119.89015625,118.4578125,119.13390625,4909818.046875,1.16,1.09,0.07,6.422,pre-market,USD,32091000000,127991000000,95900000000,95900000000,4718000000,27373000000,None,27500000000,44000000,-589000000,36000000,625000000,126981000000,244000000,None,2723000000,4340000000,1052000000,625000000,3288000000,2176000000,4718000000,7688000000,3288000000,USD,239830000000,67912000000,8606000000,8606000000,51546000000,5612000000,171918000000,104326000000,None,30716000000,None,30716000000,None,5000000000,None,2148000000,15777000000,168181000000,83784000000,49750000000,1863000000,11227000000,4926000000,64721000000,4068000000,49005000000,4093000000,44912000000,49005000000,22480000000,None,71649000000,None,80656000000,284000000,2843000000,USD,3354000000,708000000,None,4663000000,7445000000,127000000,2894000000,-317000000,7778000000,3321000000,-2461000000,-1682000000,1282000000,1122000000,1122000000,None,1509000000,1509000000,None,None,1472000000,None,-1122000000,None,3321000000,None,3288000000
95,2020Q1,115.07145161290323,117.04629032258065,113.54631290322581,115.39838709677419,9338355.129032258,1.38,1.43,-0.05,-3.4965,pre-market,USD,33923000000,141671000000,107748000000,107748000000,5322000000,28601000000,None,21638000000,41000000,-611000000,264000000,875000000,140608000000,962000000,None,-7679000000,5520000000,1379000000,875000000,33923000000,3718000000,5322000000,-1284000000,4141000000,USD,236495000000,61806000000,9465000000,9465000000,44435000000,6284000000,179889000000,105208000000,89820000000,36273000000,5200000000,31073000000,5438000000,5990000000,5438000000,1622000000,16567000000,161826000000,77790000000,46973000000,None,8241000000,600000000,64192000000,4307000000,49076000000,5362000000,43714000000,49076000000,20586000000,None,74669000000,None,83943000000,284000000,2835000000,USD,10716000000,6838000000,None,-1951000000,-7004000000,126000000,2940000000,-507000000,-7258000000,4294000000,-2843000000,-7086000000,-4374000000,888000000,888000000,None,1503000000,1503000000,None,None,0,None,-888000000,None,4294000000,None,4141000000
96,2020Q2,123.38698412698413,124.72571428571429,121.98230158730159,123.39936507936508,9197099.047619049,1.18,1.12,0.06,5.3571,pre-market,USD,32596000000,134622000000,102026000000,102026000000,5224000000,27372000000,None,27372000000,43000000,-549000000,43000000,592000000,133672000000,721000000,None,2791000000,5312000000,1322000000,592000000,4074000000,627000000,5224000000,8779000000,3990000000,USD,232892000000,63328000000,14930000000,14930000000,41217000000,5029000000,169564000000,101872000000,None,29416000000,None,29416000000,None,None,None,2152000000,16770000000,164652000000,82647000000,44096000000,None,12283000000,4048000000,63149000000,4474000000,48989000000,5983000000,43006000000,48989000000,24965000000,None,68240000000,None,81141000000,284000000,2831000000,USD,7017000000,None,None,-2243000000,-2305000000,2791000000,1752000000,924000000,-2221000000,4074000000,-1696000000,565000000,3542000000,723000000,723000000,None,1529000000,1529000000,None,None,0,None,-723000000,None,5886000000,None,3990000000
97,2020Q3,133.271875,134.82405625,131.8497328125,133.3828125,10868649.15625,1.56,1.25,0.31,24.8,pre-market,USD,35053000000,137742000000,102689000000,102689000000,6059000000,28994000000,None,28994000000,23000000,-635000000,23000000,658000000,136824000000,3222000000,None,2771000000,8683000000,2207000000,658000000,6439000000,6860000000,6059000000,12075000000,6476000000,USD,237382000000,64996000000,16906000000,26799000000,41084000000,5111000000,172386000000,101182000000,None,29542000000,None,29542000000,9893000000,None,9893000000,1895000000,19950000000,162072000000,81957000000,46326000000,None,8193000000,357000000,61301000000,4673000000,46512000000,5553000000,40959000000,46512000000,26828000000,None,75310000000,None,87614000000,283000000,2832000000,USD,11939000000,None,None,5027000000,-633000000,2771000000,1817000000,-101000000,-245000000,6439000000,-1938000000,-8379000000,-3720000000,0,0,None,1595000000,1529000000,None,None,0,None,0,None,6439000000,None,6476000000
98,2020Q4,145.796171875,146.8741265625,144.65289375,145.6840625,6827980.9375,1.34,1.18,0.16,13.5593,pre-market,USD,34369000000,134708000000,100339000000,100339000000,5778000000,28591000000,None,28591000000,25000000,-516000000,25000000,541000000,133752000000,1853000000,None,2771000000,7049000000,1914000000,541000000,5201000000,6303000000,5778000000,10427000000,5135000000,USD,250863000000,73602000000,14325000000,27094000000,51842000000,5770000000,177261000000,102232000000,None,30236000000,None,30236000000,12769000000,None,12769000000,1665000000,22736000000,169432000000,88121000000,54152000000,None,5172000000,240000000,61581000000,4750000000,45207000000,4358000000,40849000000,45207000000,26524000000,None,81431000000,None,92279000000,283000000,2833000000,USD,3924000000,None,None,7823000000,9952000000,2771000000,2869000000,-658000000,10726000000,5201000000,-2873000000,-3526000000,-123000000,463000000,463000000,None,1534000000,1524000000,None,None,0,None,-463000000,None,5201000000,None,5135000000
99,2021Q1,138.9762295081967,140.17354098360656,137.98255901639345,138.962131147541,9529125.885245902,1.46,1.51,-0.05,-3.3113,pre-market,USD,36818000000,152079000000,115261000000,115261000000,5487000000,31331000000,None,39287000000,30000000,-494000000,-11000000,483000000,143612000000,None,None,2819000000,-676000000,1415000000,483000000,-2008000000,759000000,5487000000,2750000000,-2091000000,USD,252496000000,90067000000,17741000000,32163000000,44949000000,6516000000,167329000000,92201000000,88370000000,33883000000,4900000000,28983000000,14422000000,None,14422000000,20861000000,23598000000,171571000000,92645000000,49141000000,None,3806000000,200000000,57950000000,3847000000,44309000000,3115000000,41194000000,44309000000,35898000000,None,80925000000,None,88763000000,282000000,2828000000,USD,13194000000,None,None,846000000,-6530000000,2819000000,3826000000,None,-5865000000,-2008000000,-3564000000,-4777000000,-23000000,1439000000,1439000000,None,1892000000,1534000000,None,None,0,None,-1439000000,None,4853000000,None,-2091000000
100,2021Q2,139.72904761904763,140.63079523809526,138.9098238095238,139.73142857142858,7854192.952380952,1.69,1.21,0.48,39.6694,pre-market,USD,35038000000,138310000000,103272000000,103272000000,6909000000,28129000000,None,28962000000,30000000,-536000000,30000000,566000000,136726000000,-2529000000,None,2661000000,3763000000,1033000000,566000000,2811000000,6550000000,6909000000,7071000000,2730000000,USD,236581000000,76591000000,22846000000,23846000000,46383000000,5797000000,159990000000,90996000000,None,28872000000,None,28872000000,1000000000,None,1000000000,1565000000,22493000000,158246000000,80841000000,48151000000,None,4369000000,362000000,57005000000,3802000000,43411000000,3500000000,40273000000,43773000000,26022000000,None,78335000000,None,82577000000,280000000,2815000000,USD,2858000000,None,None,-4580000000,1642000000,2661000000,2214000000,828000000,1487000000,2811000000,5850000000,-5399000000,138000000,2809000000,2809000000,None,1549000000,1549000000,None,None,0,None,-2809000000,None,3309000000,None,2730000000
101,2021Q3,144.5646875,145.5361203125,143.7613578125,144.53546875,7258143.296875,1.78,1.57,0.21,13.3758,pre-market,USD,35865000000,141048000000,105183000000,105183000000,7354000000,28511000000,None,28511000000,37000000,-478000000,37000000,515000000,139871000000,-953000000,None,2641000000,5835000000,1559000000,515000000,4364000000,4246000000,7354000000,9079000000,4276000000,USD,238552000000,78243000000,22831000000,23831000000,47754000000,6103000000,160309000000,91621000000,None,29159000000,None,29159000000,1000000000,None,1000000000,1555000000,21552000000,158023000000,81122000000,49601000000,None,2789000000,671000000,56649000000,3952000000,40527000000,1617000000,39581000000,41198000000,27024000000,None,80529000000,None,84572000000,278000000,2799000000,USD,9565000000,None,None,3126000000,1468000000,2641000000,2805000000,-376000000,1238000000,4364000000,-3448000000,-6160000000,303000000,2391000000,2391000000,None,1556000000,1542000000,None,None,0,None,-2391000000,None,4364000000,None,4276000000
102,2021Q4,143.20078125,144.3328578125,142.1093875,143.22046875,8663770.5,1.45,1.4,0.05,3.5714,pre-market,USD,35502000000,140525000000,105023000000,105023000000,5792000000,29710000000,None,29710000000,44000000,-442000000,44000000,486000000,136807000000,-1203000000,None,2650000000,4120000000,1015000000,2886000000,3132000000,2593000000,5792000000,9693000000,3105000000,USD,244851000000,82964000000,16111000000,17111000000,57484000000,7349000000,161887000000,92242000000,None,28923000000,None,28923000000,1000000000,None,1000000000,2020000000,22633000000,162577000000,87620000000,57156000000,None,2530000000,447000000,53581000000,4061000000,37553000000,1575000000,36425000000,38000000000,26448000000,None,82274000000,None,85674000000,277000000,2785000000,USD,3868000000,None,None,8662000000,10955000000,2650000000,3569000000,-1294000000,9938000000,3132000000,-3932000000,-6554000000,-213000000,2168000000,2168000000,None,1542000000,1536000000,None,None,0,None,1063000000,None,3132000000,None,3105000000
103,2022Q1,140.64854838709675,142.1148258064516,139.4511064516129,140.83967741935484,8259546.451612903,1.53,1.5,0.03,2,pre-market,USD,37349000000,152871000000,115522000000,115522000000,5887000000,31462000000,None,32027000000,47000000,-380000000,-41000000,339000000,151535000000,-725000000,None,2028000000,4711000000,1149000000,329000000,3633000000,3284000000,5887000000,7915000000,3562000000,USD,244860000000,81070000000,14760000000,27648000000,56511000000,8280000000,168590000000,94515000000,94809000000,33814000000,4800000000,29014000000,1000000000,None,12888000000,1519000000,22152000000,161607000000,87379000000,55261000000,None,3714000000,410000000,52116000000,4243000000,37667000000,2803000000,34864000000,37667000000,24352000000,None,83253000000,None,86904000000,276000000,2771000000,USD,7890000000,None,None,-245000000,-1546000000,2706000000,4518000000,-954000000,-899000000,3633000000,-4485000000,-4715000000,-35000000,2419000000,2419000000,None,1929000000,1525000000,None,None,0,None,-2411000000,None,-1310000000,None,3562000000
104,2022Q2,138.42629032258066,140.0610758064516,136.92981774193547,138.34290322580645,9438985.306451613,1.3,1.48,-0.18,-12.1622,pre-market,USD,34722000000,141569000000,106847000000,106847000000,5318000000,29404000000,None,29404000000,36000000,-419000000,36000000,455000000,140288000000,-1998000000,None,2680000000,2852000000,798000000,455000000,2103000000,2322000000,5318000000,6036000000,2054000000,USD,246142000000,83220000000,11817000000,11817000000,61229000000,7674000000,162922000000,94741000000,None,29438000000,None,29438000000,None,None,None,2500000000,20267000000,169246000000,96530000000,52926000000,None,15523000000,11432000000,49809000000,4409000000,24322000000,3580000000,32174000000,35754000000,26596000000,None,76896000000,None,80532000000,275000000,2754000000,USD,-3758000000,None,None,-6540000000,4768000000,2680000000,3539000000,837000000,4699000000,2103000000,-4558000000,5315000000,10995000000,2408000000,2408000000,None,1543000000,1543000000,None,None,0,None,-2373000000,None,-3001000000,None,2054000000
105,2022Q3,131.1759375,132.66439375,130.0895875,131.4184375,7881144.421875,1.77,1.62,0.15,9.2593,pre-market,USD,37021000000,152859000000,115838000000,115838000000,6854000000,30167000000,None,30167000000,31000000,-448000000,31000000,479000000,151381000000,238000000,None,2968000000,6646000000,1497000000,479000000,5147000000,3753000000,6854000000,9822000000,5149000000,USD,247199000000,84164000000,13923000000,13923000000,59921000000,7522000000,163035000000,96006000000,None,28664000000,None,28664000000,None,None,None,2798000000,19979000000,169630000000,99899000000,54191000000,None,16484000000,10634000000,47361000000,4420000000,24483000000,5316000000,29801000000,35117000000,13668000000,None,77569000000,None,82519000000,272000000,2736000000,USD,12998000000,None,None,3664000000,-1149000000,2699000000,3953000000,37000000,-969000000,5147000000,-4026000000,-6715000000,-765000000,3339000000,3339000000,None,1538000000,1538000000,None,None,0,None,-3329000000,None,2257000000,None,5149000000
106,2022Q4,142.46349206349208,143.74353809523808,141.29740793650794,142.47095238095238,6284822.587301588,1.5,1.32,0.18,13.6364,pre-market,USD,37200000000,152813000000,115613000000,115613000000,2695000000,34505000000,None,34505000000,84000000,-500000000,84000000,584000000,151469000000,-3626000000,None,2755000000,-1462000000,336000000,584000000,-1767000000,-2684000000,2695000000,1908000000,-1798000000,USD,247656000000,87680000000,11587000000,11587000000,64706000000,8218000000,159976000000,97553000000,None,28137000000,None,28137000000,None,None,None,3169000000,16295000000,175403000000,101408000000,57263000000,None,12818000000,6811000000,51105000000,4512000000,32582000000,5458000000,33935000000,39393000000,15110000000,14760000000,72253000000,None,77946000000,270000000,2711000000,USD,6458000000,None,None,7464000000,5361000000,2755000000,4569000000,-933000000,5278000000,-1767000000,-4381000000,-4181000000,-3779000000,2961000000,2961000000,None,1535000000,1519000000,None,None,4969000000,None,-2951000000,None,-2104000000,None,-1798000000
107,2023Q1,142.38032258064516,143.42331774193548,141.16869032258066,142.38338709677421,6544478.5322580645,1.71,1.51,0.2,13.245,pre-market,USD,38625000000,164048000000,125423000000,125423000000,5561000000,33064000000,None,33660000000,103000000,-507000000,18000000,525000000,162743000000,3848000000,None,2811000000,9368000000,3093000000,525000000,5809000000,6637000000,5561000000,12323000000,6275000000,USD,243197000000,75655000000,8625000000,19794000000,56576000000,7933000000,171842000000,100760000000,101610000000,32474000000,4300000000,28174000000,500000000,None,11169000000,2521000000,20134000000,166504000000,92198000000,53742000000,None,5130000000,372000000,52320000000,4843000000,38840000000,4191000000,34649000000,38840000000,29365000000,14688000000,76693000000,None,83135000000,808000000,2697000000,USD,13143000000,None,None,-1747000000,-8901000000,2811000000,4796000000,299000000,-8480000000,5809000000,-4757000000,-11458000000,-6485000000,1212000000,1212000000,None,1942000000,1514000000,None,None,72000000,None,-1201000000,None,-3072000000,None,6275000000
108,2023Q2,151.2341935483871,152.18810322580643,150.36773870967744,151.345,5890952.29032258,1.47,1.32,0.15,11.3636,pre-market,USD,37017000000,152301000000,115284000000,115284000000,6240000000,30777000000,None,30777000000,107000000,-557000000,107000000,664000000,151004000000,-2995000000,None,2845000000,2465000000,792000000,664000000,1896000000,2206000000,6240000000,6197000000,1673000000,USD,245053000000,78511000000,10575000000,10575000000,56932000000,7647000000,166542000000,102335000000,None,28306000000,None,28306000000,None,None,None,3357000000,17098000000,172648000000,95505000000,54268000000,None,6293000000,1711000000,56084000000,5039000000,40384000000,3975000000,38120000000,42095000000,33454000000,13999000000,72405000000,None,78035000000,808000000,2694000000,USD,4633000000,None,None,-2916000000,879000000,2845000000,4429000000,376000000,154000000,1896000000,-4860000000,1940000000,1343000000,686000000,686000000,None,1538000000,1538000000,None,None,4967000000,None,-203000000,None,1713000000,None,1673000000
109,2023Q3,159.75142857142856,160.66848095238095,158.78916825396826,159.63984126984127,5265195.650793651,1.84,1.71,0.13,7.6023,pre-market,USD,39782000000,161632000000,121850000000,121850000000,7316000000,32466000000,None,32466000000,148000000,-494000000,148000000,642000000,160280000000,3905000000,None,2905000000,10565000000,2674000000,642000000,8053000000,8220000000,7316000000,14274000000,7891000000,USD,255121000000,82032000000,13888000000,13888000000,56722000000,7891000000,173089000000,104733000000,None,28268000000,None,28268000000,None,None,None,3531000000,20826000000,175565000000,99220000000,56576000000,None,8096000000,4546000000,55233000000,5449000000,35157000000,2897000000,36806000000,39703000000,32306000000,15109000000,79556000000,None,85470000000,269000000,2693000000,USD,13568000000,None,None,4569000000,-1537000000,2905000000,4787000000,-261000000,-376000000,8053000000,-5049000000,-5249000000,2838000000,485000000,485000000,None,1748000000,1534000000,None,None,0,None,-271000000,None,3270000000,None,7891000000
110,2023Q4,158.64492063492062,159.64936507936508,157.562146031746,158.73396825396824,7529882.873015873,1.53,1.52,0.01,0.6579,pre-market,USD,39621000000,160804000000,121183000000,121183000000,6202000000,33419000000,None,33419000000,145000000,-537000000,145000000,682000000,159439000000,None,None,2986000000,725000000,272000000,682000000,643000000,-302000000,6202000000,4583000000,453000000,USD,259174000000,88391000000,12154000000,12154000000,63951000000,8625000000,170783000000,107471000000,None,28015000000,None,28015000000,None,None,None,3661000000,15944000000,179718000000,104230000000,61049000000,None,13436000000,9942000000,54829000000,5670000000,29206000000,2806000000,36342000000,39148000000,27665000000,14304000000,79456000000,None,85831000000,269000000,2693000000,USD,813000000,None,None,1254000000,8648000000,2986000000,5458000000,None,7543000000,643000000,-5465000000,3130000000,5402000000,111000000,111000000,None,1538000000,1534000000,None,None,0,None,-101000000,None,None,None,453000000
111,2024Q1,124.09327868852458,124.82467213114755,123.29450819672131,124.14803278688524,11516790.459016394,0.6,0.55,0.05,9.0909,pre-market,USD,41563000000,173388000000,131825000000,131825000000,7254000000,34309000000,None,35064000000,146000000,-549000000,48000000,597000000,171914000000,None,None,3117000000,7334000000,1840000000,597000000,5678000000,5765000000,7254000000,10371000000,5494000000,USD,252399000000,76877000000,9867000000,18316000000,54892000000,8796000000,179622000000,110810000000,109049000000,32213000000,4100000000,28113000000,1200000000,None,8449000000,3322000000,17071000000,168538000000,92415000000,56812000000,None,5050000000,878000000,54784000000,5709000000,39579000000,3447000000,36132000000,39579000000,29637000000,14629000000,83861000000,None,89814000000,805000000,24229000000,USD,16712000000,None,None,-2184000000,-9832000000,3117000000,5932000000,None,-9338000000,5678000000,-5913000000,-13235000000,-9071000000,1497000000,1497000000,None,2079000000,1534000000,None,None,0,None,-1488000000,None,None,None,5494000000
112,2024Q2,62.94642857142857,63.35625396825397,62.48083174603174,62.972857142857144,15775053.968253968,0.6,0.52,0.08,15.3846,pre-market,USD,40077000000,161508000000,121431000000,121431000000,6841000000,33236000000,None,33236000000,114000000,-600000000,114000000,714000000,159938000000,None,None,3128000000,6832000000,1728000000,714000000,5307000000,5039000000,6841000000,9969000000,5104000000,USD,254054000000,77152000000,9405000000,9405000000,55382000000,9075000000,176902000000,111498000000,None,27999000000,None,27999000000,None,None,None,3290000000,17558000000,172761000000,96100000000,56071000000,None,8166000000,5457000000,54815000000,6047000000,32336000000,1865000000,35928000000,37793000000,29105000000,14849000000,81293000000,None,87230000000,805000000,8053000000,USD,4249000000,None,None,-3473000000,427000000,3128000000,4676000000,None,529000000,5307000000,-4409000000,-321000000,4585000000,1059000000,1059000000,None,1671000000,1671000000,None,None,0,None,-1044000000,None,None,None,5104000000
