,Quarter,1. open,2. high,3. low,4. close,5. volume,reportedEPS,estimatedEPS,surprise,surprisePercentage,reportedCurrency_x,grossProfit,totalRevenue,costOfRevenue,costofGoodsAndServicesSold,operatingIncome,sellingGeneralAndAdministrative,researchAndDevelopment,operatingExpenses,investmentIncomeNet,netInterestIncome,interestIncome,interestExpense,nonInterestIncome,otherNonOperatingIncome,depreciation,depreciationAndAmortization,incomeBeforeTax,incomeTaxExpense,interestAndDebtExpense,netIncomeFromContinuingOperations,comprehensiveIncomeNetOfTax,ebit,ebitda,netIncome_x,reportedCurrency_y,totalAssets,totalCurrentAssets,cashAndCashEquivalentsAtCarryingValue,cashAndShortTermInvestments,inventory,currentNetReceivables,totalNonCurrentAssets,propertyPlantEquipment,accumulatedDepreciationAmortizationPPE,intangibleAssets,intangibleAssetsExcludingGoodwill,goodwill,investments,longTermInvestments,shortTermInvestments,otherCurrentAssets,otherNonCurrentAssets,totalLiabilities,totalCurrentLiabilities,currentAccountsPayable,deferredRevenue,currentDebt,shortTermDebt,totalNonCurrentLiabilities,capitalLeaseObligations,longTermDebt,currentLongTermDebt,longTermDebtNoncurrent,shortLongTermDebtTotal,otherCurrentLiabilities,otherNonCurrentLiabilities,totalShareholderEquity,treasuryStock,retainedEarnings,commonStock,commonStockSharesOutstanding,reportedCurrency,operatingCashflow,paymentsForOperatingActivities,proceedsFromOperatingActivities,changeInOperatingLiabilities,changeInOperatingAssets,depreciationDepletionAndAmortization,capitalExpenditures,changeInReceivables,changeInInventory,profitLoss,cashflowFromInvestment,cashflowFromFinancing,proceedsFromRepaymentsOfShortTermDebt,paymentsForRepurchaseOfCommonStock,paymentsForRepurchaseOfEquity,paymentsForRepurchaseOfPreferredStock,dividendPayout,dividendPayoutCommonStock,dividendPayoutPreferredStock,proceedsFromIssuanceOfCommonStock,proceedsFromIssuanceOfLongTermDebtAndCapitalSecuritiesNet,proceedsFromIssuanceOfPreferredStock,proceedsFromRepurchaseOfEquity,proceedsFromSaleOfTreasuryStock,changeInCashAndCashEquivalents,changeInExchangeRate,netIncome_y
57,2010Q3,6.82203125,6.95688125,6.6606046875,6.812671875,31599790.625,0.11,0.06,0.05,83.3333,USD,739000000,1562000000,1131000000,879000000,128000000,236000000,359000000,667000000,3000000,-56000000,None,56000000,None,-6000000,None,95000000,-117000000,1000000,56000000,-118000000,-113000000,128000000,223000000,-118000000,USD,4595000000,3212000000,620000000,1726000000,622000000,None,1383000000,723000000,None,371000000,48000000,323000000,None,None,1106000000,1726000000,289000000,3981000000,1665000000,464000000,None,None,212000000,2316000000,None,2185000000,None,None,2397000000,21000000,102000000,614000000,102000000,-5843000000,7000000,681000000,USD,-124000000,None,None,None,None,16000000,31000000,None,41000000,-118000000,-321000000,-19000000,None,None,None,None,None,None,None,2000000,None,None,2000000,None,-464000000,None,-118000000
58,2010Q4,7.568125,7.68828125,7.4626953125,7.57240625,21524323.4375,0.15,0.06,0.09,150,USD,743000000,1610000000,873000000,906000000,413000000,250000000,352000000,358000000,2000000,-39000000,None,39000000,None,14000000,None,89000000,417000000,42000000,39000000,375000000,364000000,413000000,502000000,375000000,USD,4964000000,3594000000,606000000,1789000000,632000000,None,1370000000,700000000,1379000000,360000000,37000000,323000000,None,None,1183000000,205000000,347000000,3951000000,1674000000,376000000,254000000,None,233000000,2277000000,None,2188000000,None,None,2421000000,19000000,89000000,1013000000,102000000,-5468000000,7000000,683000000,USD,-213000000,None,None,-12000000,477000000,-7000000,38000000,465000000,10000000,375000000,-103000000,302000000,None,None,None,None,None,None,None,6000000,None,None,14000000,None,-14000000,None,375000000
59,2011Q1,8.512495161290323,8.667748387096774,8.358693548387098,8.511185483870968,26639548.387096774,0.14,0.11,0.03,27.2727,USD,691000000,1565000000,1183000000,922000000,54000000,261000000,367000000,676000000,3000000,-48000000,None,48000000,None,11000000,None,88000000,512000000,2000000,48000000,510000000,511000000,560000000,142000000,510000000,USD,5209000000,3411000000,602000000,602000000,648000000,None,1798000000,676000000,None,351000000,28000000,323000000,None,486000000,1143000000,1745000000,285000000,3651000000,1375000000,411000000,None,None,4000000,2276000000,None,2192000000,None,None,2196000000,29000000,84000000,1558000000,104000000,-4958000000,7000000,687000000,USD,-168000000,None,None,-32000000,195000000,5000000,38000000,189000000,16000000,510000000,-14000000,178000000,None,None,None,None,None,None,None,9000000,None,None,16000000,None,-4000000,None,510000000
60,2011Q2,8.20920634920635,8.308544444444445,8.072857142857142,8.183253968253968,17866431.746031746,0.08,0.05,0.03,60,USD,720000000,1527000000,1093000000,854000000,105000000,239000000,367000000,653000000,2000000,-47000000,None,47000000,None,4000000,None,80000000,64000000,3000000,47000000,61000000,60000000,111000000,191000000,61000000,USD,5224000000,3438000000,554000000,554000000,642000000,None,1786000000,686000000,1406000000,342000000,19000000,323000000,None,486000000,1307000000,1861000000,272000000,3583000000,1312000000,455000000,None,None,4000000,2271000000,None,2195000000,None,None,2199000000,29000000,76000000,1641000000,106000000,-4897000000,7000000,691000000,USD,174000000,None,None,-28000000,1000000,6000000,67000000,-2000000,-6000000,61000000,-230000000,8000000,None,None,None,None,None,None,None,6000000,None,None,9000000,None,-48000000,None,61000000
61,2011Q3,6.62125,6.774196875,6.4586234375,6.616015625,25647540.625,0.09,0.08,0.01,12.5,USD,756000000,1648000000,1183000000,934000000,138000000,249000000,361000000,652000000,3000000,-42000000,None,42000000,None,-7000000,None,79000000,92000000,-5000000,42000000,97000000,89000000,134000000,213000000,97000000,USD,5236000000,3412000000,625000000,625000000,540000000,None,1824000000,697000000,1425000000,334000000,11000000,323000000,None,536000000,1182000000,1807000000,257000000,3492000000,1855000000,467000000,None,None,489000000,1637000000,None,1571000000,None,None,2060000000,27000000,66000000,1744000000,107000000,-4800000000,7000000,697000000,USD,189000000,None,None,3000000,52000000,5000000,58000000,150000000,-102000000,97000000,34000000,-152000000,None,None,None,None,None,None,None,2000000,None,None,2000000,None,71000000,None,97000000
62,2011Q4,5.285079365079365,5.390409523809524,5.1573730158730156,5.273571428571429,17615552.38095238,0.15,0.1,0.05,50,USD,773000000,1648000000,1259000000,918000000,71000000,243000000,358000000,742000000,2000000,-43000000,None,43000000,None,-207000000,None,70000000,-181000000,-4000000,43000000,-173000000,-174000000,-138000000,-68000000,-177000000,USD,4954000000,3229000000,869000000,1765000000,476000000,919000000,1725000000,726000000,1470000000,331000000,8000000,323000000,None,149000000,896000000,69000000,241000000,3364000000,1774000000,363000000,202000000,None,489000000,1590000000,None,2065000000,None,None,2016000000,72000000,63000000,1590000000,107000000,-4977000000,7000000,698000000,USD,187000000,None,None,-91000000,-57000000,221000000,87000000,10000000,-65000000,-177000000,97000000,-40000000,None,None,None,None,None,None,None,1000000,None,None,1000000,None,244000000,None,-177000000
63,2012Q1,7.03258064516129,7.164112903225806,6.945901612903225,7.06758064516129,16200170.967741935,0.19,0.16,0.03,18.75,USD,27000000,1542000000,1859000000,1558000000,-580000000,230000000,368000000,712000000,2000000,-43000000,None,43000000,None,-1000000,None,124000000,-622000000,-32000000,43000000,-590000000,-588000000,-579000000,-455000000,-590000000,USD,4988000000,3195000000,1193000000,1544000000,585000000,962000000,1793000000,715000000,1484000000,662000000,109000000,553000000,None,169000000,351000000,1544000000,247000000,3936000000,2347000000,527000000,None,None,490000000,1589000000,None,1529000000,None,None,2019000000,77000000,60000000,1052000000,107000000,-5567000000,7000000,700000000,USD,107000000,None,None,187000000,162000000,6000000,40000000,40000000,-106000000,-590000000,200000000,17000000,None,None,None,None,None,None,None,9000000,None,None,9000000,None,324000000,None,-590000000
64,2012Q2,6.694920634920634,6.805714285714285,6.559523809523809,6.672936507936508,15998475.19047619,0.12,0.09,0.03,33.3333,USD,638000000,1370000000,987000000,775000000,77000000,212000000,345000000,600000000,2000000,-43000000,None,43000000,None,-5000000,None,65000000,31000000,-6000000,43000000,37000000,36000000,74000000,139000000,37000000,USD,5041000000,3233000000,1015000000,1579000000,833000000,744000000,1808000000,707000000,1514000000,658000000,105000000,553000000,None,180000000,564000000,1579000000,263000000,3924000000,2352000000,471000000,None,None,489000000,1572000000,None,1532000000,None,None,2021000000,57000000,40000000,1117000000,108000000,-5530000000,7000000,707000000000000,USD,81000000,None,None,-142000000,34000000,4000000,39000000,-217000000,-249000000,37000000,-263000000,4000000,None,None,None,None,None,None,None,3000000,None,None,3000000,None,-178000000,None,37000000
65,2012Q3,4.181269841269842,4.257539682539683,4.090079365079365,4.163968253968254,22190201.587301586,0.06,0.07,-0.01,-14.2857,USD,392000000,1225000000,1068000000,877000000,-131000000,188000000,328000000,563000000,2000000,-44000000,None,44000000,None,16000000,None,66000000,-157000000,0,44000000,-157000000,-154000000,-113000000,-65000000,-157000000,USD,4612000000,2815000000,776000000,1300000000,744000000,683000000,1797000000,685000000,1547000000,653000000,100000000,553000000,None,180000000,524000000,1300000000,279000000,3623000000,1555000000,412000000,None,None,5000000,2068000000,None,2035000000,None,None,2040000000,46000000,33000000,989000000,109000000,-5687000000,7000000,712000000,USD,-240000000,None,None,-107000000,-154000000,4000000,32000000,-60000000,89000000,-157000000,-10000000,11000000,None,None,None,None,None,None,None,0,None,None,6000000,None,-239000000,None,-157000000
66,2012Q4,2.392016129032258,2.44525,2.321370967741936,2.3685548387096778,27887704.612903226,-0.2,-0.15,-0.05,-33.3333,USD,178000000,1110000000,1260000000,977000000,-422000000,193000000,313000000,641000000,2000000,-45000000,None,45000000,None,-4000000,None,66000000,-469000000,4000000,45000000,-473000000,-475000000,-424000000,-356000000,-473000000,USD,4000000000,2265000000,549000000,1002000000,562000000,630000000,1735000000,658000000,1560000000,649000000,96000000,553000000,None,181000000,453000000,71000000,247000000,3462000000,1397000000,278000000,None,None,5000000,2065000000,None,2019000000,None,2019000000,2042000000,63000000,28000000,538000000,109000000,-6160000000,7000000,713000000,USD,-286000000,None,None,-170000000,-217000000,4000000,22000000,-53000000,349000000,-473000000,54000000,5000000,None,None,None,None,None,None,None,2000000,None,None,7000000,None,-227000000,None,-473000000
67,2013Q1,2.6310833333333337,2.6721316666666666,2.5646,2.6138333333333335,18735270.0,-0.14,-0.2,0.06,30,USD,445000000,1092000000,935000000,643000000,-98000000,179000000,312000000,600000000,1000000,-44000000,None,44000000,48000000,-3000000,None,66000000,-144000000,2000000,44000000,-146000000,-147000000,-100000000,-32000000,-146000000,USD,3797000000,2338000000,441000000,1003000000,613000000,645000000,1459000000,411000000,1506000000,645000000,92000000,553000000,None,180000000,562000000,77000000,223000000,3382000000,1321000000,301000000,None,None,5000000,2061000000,None,2023000000,None,None,2044000000,43000000,22000000,415000000,109000000,-6306000000,7000000,714000000,USD,-155000000,None,None,-12000000,-60000000,6000000,20000000,-14000000,-52000000,-146000000,47000000,0,None,None,None,None,None,None,None,1000000,None,None,1000000,None,-108000000,None,-146000000
68,2013Q2,3.444453125,3.521703125,3.3715875,3.4578125,28031245.3125,-0.13,-0.18,0.05,27.7778,USD,459000000,1119000000,882000000,702000000,-29000000,171000000,308000000,530000000,2000000,-42000000,None,42000000,-1000000,-2000000,None,59000000,-71000000,3000000,42000000,-74000000,-76000000,-29000000,30000000,-74000000,USD,3897000000,2458000000,334000000,968000000,711000000,670000000,1439000000,402000000,1470000000,640000000,87000000,553000000,None,149000000,634000000,109000000,248000000,3538000000,1451000000,402000000,None,None,5000000,2087000000,None,2042000000,None,2027000000,2047000000,26000000,45000000,359000000,110000000,-6380000000,7000000,720000000,USD,-35000000,None,None,115000000,-161000000,4000000,28000000,-25000000,-97000000,-74000000,-74000000,2000000,None,None,None,None,None,None,None,1000000,None,None,3000000,None,-107000000,None,-74000000
69,2013Q3,3.814921875,3.874140625,3.7447140625,3.80875,29286126.5625,-0.09,-0.12,0.03,25,USD,521000000,1414000000,1078000000,940000000,95000000,155000000,288000000,473000000,1000000,-47000000,None,47000000,-17000000,2000000,None,57000000,51000000,3000000,47000000,48000000,52000000,98000000,152000000,48000000,USD,4317000000,2939000000,543000000,1060000000,922000000,873000000,1378000000,358000000,1408000000,635000000,82000000,553000000,None,121000000,517000000,84000000,264000000,3883000000,1762000000,574000000,None,None,5000000,2121000000,None,2044000000,None,2031000000,2049000000,21000000,77000000,434000000,111000000,-6332000000,7000000,723000000,USD,21000000,None,None,248000000,-448000000,5000000,15000000,-203000000,-211000000,48000000,186000000,2000000,None,None,None,None,None,None,None,1000000,None,None,5000000,None,209000000,None,48000000
70,2013Q4,3.5909359375,3.637171875,3.53574375,3.58609375,23573293.921875,0.04,0.02,0.02,100,USD,553000000,1545000000,1209000000,1036000000,135000000,169000000,293000000,510000000,1000000,-44000000,None,44000000,-62000000,-2000000,None,54000000,90000000,1000000,44000000,89000000,89000000,134000000,189000000,89000000,USD,4337000000,2884000000,869000000,1097000000,884000000,832000000,1453000000,346000000,1387000000,631000000,78000000,553000000,None,90000000,228000000,71000000,386000000,3793000000,1618000000,519000000,145000000,None,55000000,2175000000,None,1998000000,None,1986000000,2058000000,894000000,177000000,544000000,112000000,-6243000000,7000000,725000000,USD,21000000,None,None,-85000000,1294000000,204000000,21000000,442000000,682000000,89000000,296000000,9000000,None,None,None,None,None,None,None,0,None,None,5000000,None,326000000,None,89000000
71,2014Q1,3.818362295081967,3.8819672131147542,3.7580573770491803,3.816393442622951,25229575.409836065,0.06,0.05,0.01,20,USD,487000000,1365000000,1119000000,910000000,49000000,156000000,279000000,520000000,1000000,-47000000,None,47000000,15000000,-20000000,None,53000000,-18000000,2000000,32000000,-20000000,-21000000,29000000,102000000,-20000000,USD,4108000000,2690000000,554000000,902000000,869000000,840000000,1418000000,337000000,1388000000,628000000,75000000,553000000,None,80000000,348000000,79000000,373000000,3597000000,1384000000,483000000,None,None,55000000,2213000000,None,2078000000,None,2068000000,2138000000,695000000,135000000,511000000,114000000,-6263000000,8000000,762000000,USD,-204000000,None,None,-124000000,6000000,9000000,21000000,-8000000,14000000,-20000000,-131000000,20000000,None,None,None,None,None,None,None,1000000,None,None,1000000,None,-315000000,None,-20000000
72,2014Q2,4.058811111111111,4.116269841269841,3.9936190476190476,4.051428571428572,20567672.031746034,0.02,None,None,None,USD,498000000,1395000000,1101000000,943000000,63000000,154000000,277000000,481000000,0,-46000000,None,46000000,-79000000,-49000000,None,53000000,-32000000,4000000,46000000,-36000000,-32000000,14000000,116000000,-36000000,USD,4246000000,2932000000,503000000,948000000,960000000,872000000,1314000000,329000000,1400000000,625000000,72000000,553000000,None,None,445000000,152000000,360000000,3745000000,1505000000,511000000,None,None,96000000,2240000000,None,2109000000,None,2100000000,2210000000,775000000,131000000,501000000,114000000,-6299000000,8000000,765000000,USD,-28000000,None,None,-2000000,-122000000,4000000,23000000,-32000000,62000000,-36000000,-43000000,20000000,None,None,None,None,None,None,None,1000000,None,None,3000000,None,-51000000,None,-36000000
73,2014Q3,4.0488296875,4.1125734375,3.992578125,4.04765625,29813013.359375,0.02,0.03,-0.01,-33.3333,USD,494000000,1386000000,1088000000,935000000,63000000,150000000,278000000,431000000,1000000,-43000000,None,43000000,0,-1000000,None,49000000,19000000,2000000,43000000,17000000,15000000,62000000,112000000,17000000,USD,4325000000,3020000000,640000000,938000000,897000000,973000000,1305000000,328000000,1412000000,622000000,69000000,553000000,None,None,298000000,212000000,355000000,3790000000,1566000000,498000000,94000000,None,97000000,2224000000,None,2106000000,None,2100000000,97000000,872000000,118000000,535000000,118000000,-6282000000,8000000,775000000,USD,18000000,None,None,26000000,-198000000,139000000,29000000,-104000000,-62000000,17000000,119000000,0,None,None,None,None,None,None,None,2000000,None,None,5000000,None,137000000,None,17000000
74,2014Q4,2.7593046875,2.80695625,2.7024953125,2.74609375,18363733.296875,0.03,0.04,-0.01,-25,USD,360000000,1198000000,1260000000,879000000,-330000000,144000000,238000000,619000000,1000000,136000000,177000000,41000000,3000000,4000000,None,48000000,-367000000,-3000000,41000000,-364000000,-368000000,-326000000,-282000000,-364000000,USD,3767000000,2736000000,805000000,1040000000,685000000,818000000,1031000000,302000000,1378000000,385000000,65000000,320000000,None,3000000,235000000,48000000,344000000,3580000000,1440000000,415000000,72000000,None,172000000,2140000000,None,2035000000,42000000,2025000000,4352000000,40000000,105000000,187000000,119000000,-6646000000,8000000,776000000,USD,116000000,None,None,-131000000,115000000,48000000,22000000,137000000,-213000000,-364000000,43000000,6000000,None,None,None,None,None,None,None,-4000000,None,None,3000000,None,165000000,None,-364000000
75,2015Q1,2.8085245901639344,2.868360655737705,2.7493426229508198,2.811393442622951,17265206.80327869,-0.09,0.01,-0.1,-1000,USD,326000000,990000000,881000000,704000000,-137000000,131000000,242000000,419000000,None,-40000000,None,40000000,0,0,None,46000000,-177000000,3000000,40000000,-180000000,-187000000,-137000000,-91000000,-180000000,USD,3428000000,2497000000,677000000,906000000,688000000,771000000,931000000,297000000,1381000000,320000000,0,320000000,None,None,229000000,88000000,314000000,3411000000,1292000000,381000000,61000000,None,230000000,2119000000,None,2033000000,None,2025000000,230000000,615000000,86000000,17000000,120000000,-6826000000,8000000,778000000,USD,-172000000,None,None,-124000000,24000000,46000000,22000000,46000000,6000000,-180000000,-15000000,59000000,None,None,None,None,None,None,None,0,None,None,4000000,None,-128000000,None,-180000000
76,2015Q2,2.4250000000000003,2.462936507936508,2.385553968253968,2.4205555555555556,14838941.126984127,-0.09,-0.05,-0.04,-80,USD,232000000,902000000,844000000,710000000,-137000000,134000000,235000000,369000000,None,-40000000,None,40000000,0,-3000000,None,45000000,-180000000,1000000,40000000,-181000000,-174000000,-140000000,-92000000,-181000000,USD,3381000000,2451000000,829000000,829000000,799000000,687000000,930000000,289000000,1373000000,320000000,0,320000000,None,None,None,117000000,321000000,3522000000,1399000000,454000000,51000000,None,230000000,2123000000,None,2034000000,None,2025000000,230000000,659000000,89000000,-141000000,121000000,-7007000000,8000000,779000000,USD,-57000000,None,None,38000000,37000000,45000000,17000000,-175000000,111000000,-181000000,211000000,-2000000,None,None,None,None,None,None,None,1000000,None,None,0,None,152000000,None,-181000000
77,2015Q3,1.8834375,1.936359375,1.83328125,1.880234375,13239698.015625,-0.17,-0.17,0,0,USD,239000000,1022000000,930000000,822000000,-158000000,108000000,241000000,349000000,None,-39000000,None,39000000,0,0,None,42000000,-197000000,0,39000000,-197000000,-207000000,-158000000,-116000000,-197000000,USD,3229000000,2466000000,755000000,755000000,761000000,648000000,800000000,194000000,1355000000,283000000,0,283000000,None,None,None,219000000,286000000,3565000000,1449000000,388000000,60000000,None,230000000,2116000000,None,2030000000,None,2025000000,230000000,137000000,86000000,-336000000,122000000,-7204000000,8000000,790000000,USD,-56000000,None,None,12000000,-19000000,42000000,25000000,-35000000,-24000000,-197000000,-17000000,-1000000,None,None,None,None,None,None,None,-1000000,None,None,0,None,-74000000,None,-197000000
78,2015Q4,2.2178125,2.2798046875,2.178515625,2.238671875,9507318.5625,-0.17,-0.12,-0.05,-41.6667,USD,283000000,917000000,784000000,675000000,-49000000,109000000,229000000,338000000,None,119000000,160000000,41000000,0,-2000000,None,34000000,-92000000,10000000,41000000,-102000000,-95000000,-51000000,-15000000,-102000000,USD,3084000000,2320000000,785000000,785000000,678000000,533000000,789000000,188000000,796000000,278000000,0,278000000,None,7000000,None,248000000,298000000,3434000000,1403000000,279000000,53000000,None,230000000,2118000000,None,2237000000,2237000000,2007000000,2467000000,124000000,86000000,-350000000,123000000,-7306000000,8000000,792000000,USD,59000000,None,None,-82000000,-200000000,34000000,32000000,-116000000,-82000000,-102000000,-32000000,3000000,None,None,None,None,None,None,None,0,None,None,4000000,None,30000000,None,-102000000
79,2016Q1,2.27344262295082,2.3504098360655736,2.1980327868852463,2.2731147540983607,14442682.885245902,-0.1,-0.1,0,0,USD,269000000,799000000,668000000,563000000,-68000000,105000000,242000000,347000000,None,-40000000,None,40000000,0,0,None,33000000,-108000000,1000000,40000000,-109000000,-107000000,-68000000,-35000000,-109000000,USD,2981000000,2226000000,716000000,716000000,675000000,508000000,755000000,176000000,807000000,245000000,245000000,278000000,None,None,None,252000000,301000000,3484000000,1328000000,324000000,43000000,None,230000000,2156000000,None,2006000000,230000000,2002000000,460000000,151000000,150000000,-503000000,123000000,-7415000000,8000000,793000000,USD,-42000000,None,None,-27000000,-51000000,33000000,26000000,-26000000,-3000000,-109000000,-26000000,-1000000,None,None,None,None,None,None,None,None,None,None,None,None,-69000000,None,-109000000
80,2016Q2,3.8596875,3.9855078125,3.764609375,3.8853125,23326494.53125,-0.12,-0.13,0.01,7.6923,USD,319000000,1012000000,825000000,708000000,-8000000,117000000,243000000,360000000,None,-41000000,None,41000000,0,150000000,None,33000000,98000000,29000000,41000000,69000000,72000000,139000000,25000000,69000000,USD,3316000000,2506000000,957000000,957000000,743000000,671000000,810000000,169000000,781000000,231000000,231000000,289000000,62000000,62000000,None,55000000,290000000,3729000000,1581000000,616000000,42000000,None,226000000,2148000000,None,2012000000,226000000,2002000000,429000000,61000000,136000000,-413000000,125000000,-7346000000,8000000,795000000,USD,-85000000,None,None,280000000,372000000,33000000,21000000,164000000,69000000,69000000,329000000,-3000000,None,None,None,None,None,None,None,0,None,None,0,None,241000000,None,69000000
81,2016Q3,6.37609375,6.5237734375,6.237421875,6.38421875,36703247.125,-0.05,-0.08,0.03,37.5,USD,59000000,1290000000,1365000000,1248000000,-293000000,117000000,259000000,376000000,None,-41000000,None,41000000,-61000000,-63000000,None,33000000,-402000000,4000000,41000000,-406000000,-406000000,-361000000,-260000000,-406000000,USD,3616000000,2824000000,1258000000,1258000000,772000000,640000000,792000000,161000000,738000000,235000000,235000000,289000000,60000000,60000000,None,78000000,282000000,3231000000,1473000000,582000000,54000000,None,0,1758000000,None,1632000000,None,1630000000,-26000000,25000000,126000000,385000000,127000000,-7752000000,9000000,926000000,USD,29000000,None,None,-102000000,14000000,33000000,9000000,-31000000,28000000,-406000000,-10000000,282000000,None,None,None,None,None,None,None,667000000,None,None,668000000,None,301000000,None,-406000000
82,2016Q4,8.366507936507936,8.582698412698413,8.168333333333333,8.38563492063492,47864843.46031746,0.03,0.004,0.026,650,USD,351000000,1103000000,876000000,797000000,-3000000,121000000,264000000,385000000,None,124000000,158000000,34000000,-7000000,-7000000,None,34000000,-46000000,5000000,34000000,-51000000,-54000000,-12000000,31000000,-51000000,USD,3321000000,2530000000,1264000000,1264000000,691000000,311000000,791000000,164000000,717000000,232000000,232000000,289000000,59000000,59000000,0,115000000,279000000,2844000000,1346000000,440000000,63000000,0,0,1559000000,None,1435000000,1435000000,1435000000,1435000000,69000000,124000000,477000000,119000000,-7803000000,9000000,935000000,USD,179000000,None,None,-93000000,-318000000,34000000,21000000,-329000000,-46000000,-49000000,-16000000,-156000000,0,None,None,None,110000000,110000000,None,-1000000,101000000,None,7000000,None,6000000,None,-51000000
83,2017Q1,12.682338709677419,12.959564516129033,12.396372580645162,12.693870967741935,67497374.06451613,-0.01,-0.02,0.01,50,USD,378000000,1178000000,800000000,800000000,11000000,123000000,271000000,387000000,None,-32000000,None,32000000,-4000000,-5000000,None,34000000,-28000000,5000000,32000000,-71000000,-32000000,4000000,5000000,-33000000,USD,3299000000,2498000000,722000000,722000000,839000000,None,801000000,180000000,725000000,222000000,222000000,289000000,None,58000000,221000000,118000000,274000000,2890000000,1372000000,529000000,None,None,714000000,1518000000,None,1408000000,1408000000,1408000000,1408000000,67000000,110000000,409000000,99000000,-7876000000,9000000,942000000,USD,-299000000,None,None,60000000,348000000,34000000,23000000,395000000,-76000000,-71000000,-246000000,3000000,None,None,None,None,None,None,None,None,None,None,8000000,None,-542000000,None,-33000000
84,2017Q2,12.245873015873016,12.506833333333335,11.93944126984127,12.223888888888888,75392813.55555555,-0.04,-0.04,0,0,USD,386000000,1151000000,765000000,765000000,-1000000,127000000,285000000,404000000,None,-32000000,None,32000000,1151000000,-3000000,None,35000000,-39000000,3000000,32000000,-13000000,-38000000,-7000000,60000000,-42000000,USD,3370000000,2511000000,760000000,760000000,833000000,None,859000000,200000000,730000000,253000000,253000000,289000000,None,58000000,84000000,142000000,312000000,2953000000,1449000000,483000000,None,42000000,42000000,1504000000,None,1375000000,1417000000,1375000000,1417000000,48000000,129000000,417000000,105000000,-7892000000,9000000,947000000,USD,-82000000,None,None,-62000000,111000000,35000000,12000000,43000000,43000000,-13000000,124000000,-4000000,None,None,None,None,None,None,None,None,None,None,2000000,None,38000000,None,-42000000
85,2017Q3,13.10096349206349,13.323238095238096,12.814969841269843,13.047301587301588,63996704.61904762,0.02,0.0003,0.0197,6566.6667,USD,571000000,1584000000,1013000000,1013000000,119000000,132000000,320000000,447000000,None,-31000000,None,31000000,1584000000,-3000000,None,36000000,83000000,22000000,31000000,71000000,63000000,114000000,162000000,61000000,USD,3586000000,2699000000,879000000,879000000,794000000,797000000,887000000,236000000,742000000,248000000,248000000,289000000,57000000,57000000,2000000,157000000,305000000,3066000000,1591000000,472000000,72000000,70000000,70000000,1475000000,None,1356000000,1426000000,1356000000,49000000,73000000,119000000,520000000,108000000,-7821000000,10000000,965000000,USD,69000000,None,None,2000000,126000000,36000000,34000000,22000000,28000000,71000000,51000000,2000000,28000000,None,None,None,None,None,None,0,0,None,5000000,None,119000000,None,61000000
86,2017Q4,11.720738095238096,11.890777777777778,11.509455555555554,11.685873015873016,49752234.333333336,0.1,0.08,0.02,25,USD,452000000,1449000000,1098000000,888000000,-2000000,134000000,320000000,433000000,None,101000000,132000000,31000000,1340000000,2000000,None,39000000,-31000000,-12000000,31000000,61000000,-15000000,-2000000,121000000,-19000000,USD,3552000000,2634000000,1185000000,1185000000,694000000,400000000,918000000,261000000,740000000,239000000,239000000,289000000,58000000,58000000,0,191000000,310000000,2956000000,1513000000,384000000,22000000,70000000,70000000,1454000000,None,1395000000,70000000,1325000000,1395000000,92000000,118000000,596000000,108000000,-7760000000,9000000,967000000,USD,324000000,None,None,-75000000,-368000000,39000000,44000000,-371000000,8000000,61000000,17000000,-34000000,None,None,None,None,None,None,None,0,0,None,5000000,None,306000000,None,-19000000
87,2018Q1,11.893114754098361,12.132950819672132,11.625737704918032,11.857377049180327,62926157.114754096,0.08,0.05,0.03,60,USD,597000000,1615000000,1184000000,1050000000,120000000,134000000,343000000,477000000,None,-31000000,None,31000000,-1000000,1000000,None,44000000,89000000,8000000,32000000,81000000,80000000,120000000,164000000,81000000,USD,3763000000,2751000000,1045000000,1045000000,715000000,756000000,1012000000,290000000,694000000,308000000,308000000,289000000,57000000,57000000,3000000,168000000,376000000,3048000000,1697000000,456000000,147000000,223000000,223000000,1351000000,None,1165000000,223000000,1165000000,-19000000,159000000,186000000,715000000,108000000,-7692000000,10000000,969000000,USD,-107000000,None,None,39000000,271000000,44000000,46000000,284000000,21000000,81000000,-25000000,-8000000,0,None,None,None,None,None,None,0,0,None,6000000,None,-140000000,None,81000000
88,2018Q2,12.67953125,12.94265625,12.4453125,12.7125,59639574.171875,0.11,0.09,0.02,22.2222,USD,652000000,1725000000,1246000000,1104000000,153000000,142000000,357000000,499000000,None,-31000000,None,31000000,1756000000,1000000,None,42000000,122000000,6000000,31000000,116000000,103000000,153000000,195000000,116000000,USD,4103000000,3099000000,948000000,983000000,750000000,1492000000,1004000000,295000000,704000000,292000000,292000000,289000000,92000000,57000000,35000000,155000000,363000000,3224000000,1868000000,520000000,67000000,223000000,223000000,1356000000,None,1170000000,223000000,1170000000,-18000000,73000000,186000000,879000000,109000000,-7576000000,10000000,975000000,USD,-55000000,None,None,70000000,408000000,42000000,43000000,380000000,35000000,116000000,-68000000,28000000,0,None,None,None,None,None,None,0,0,None,29000000,None,116000000,None,116000000
89,2018Q3,22.431746031746034,23.07015873015873,21.89587301587302,22.566666666666666,106694282.47619048,0.14,0.13,0.01,7.6923,USD,661000000,1623000000,1140000000,992000000,150000000,148000000,363000000,511000000,None,-30000000,None,30000000,1653000000,-6000000,None,41000000,114000000,12000000,24000000,102000000,102000000,144000000,191000000,102000000,USD,4347000000,3314000000,1046000000,1056000000,738000000,1591000000,1033000000,318000000,718000000,274000000,274000000,289000000,68000000,58000000,10000000,200000000,368000000,3222000000,1878000000,508000000,3000000,136000000,136000000,1344000000,None,1167000000,136000000,1167000000,-17000000,13000000,177000000,1125000000,67000000,-7474000000,10000000,999000000,USD,76000000,7000000,None,12000000,144000000,41000000,33000000,89000000,-12000000,102000000,11000000,8000000,None,None,None,None,None,None,None,None,None,None,9000000,None,102000000,None,102000000
90,2018Q4,21.737460317460318,22.42396984126984,20.858492063492065,21.622857142857143,107575107.73015873,0.13,0.12,0.01,8.3333,USD,537000000,1390000000,1020000000,882000000,28000000,138000000,371000000,509000000,None,110000000,139000000,29000000,1419000000,4000000,None,43000000,3000000,-35000000,29000000,38000000,40000000,32000000,71000000,38000000,USD,4556000000,3540000000,1078000000,1156000000,845000000,1235000000,1016000000,348000000,707000000,226000000,226000000,289000000,136000000,58000000,78000000,195000000,321000000,3290000000,1984000000,834000000,22000000,136000000,136000000,1317000000,None,1250000000,136000000,1114000000,1250000000,24000000,192000000,1266000000,50000000,-7436000000,10000000,1005000000,USD,120000000,72000000,None,86000000,213000000,43000000,41000000,53000000,107000000,38000000,-88000000,0,None,None,None,None,None,None,None,0,0,None,26000000,None,38000000,None,38000000
91,2019Q1,22.653606557377046,23.22377049180328,22.172459016393443,22.70229508196721,83815573.14754099,0.08,0.08,0,0,USD,521000000,1291000000,921000000,751000000,38000000,170000000,373000000,549000000,None,-27000000,None,27000000,1258000000,-7000000,None,46000000,3000000,-13000000,35000000,16000000,23000000,30000000,84000000,16000000,USD,4931000000,3677000000,978000000,1194000000,955000000,1644000000,1254000000,377000000,724000000,222000000,222000000,289000000,273000000,57000000,216000000,172000000,317000000,3143000000,1764000000,484000000,2000000,70000000,70000000,1166000000,251000000,1024000000,70000000,1024000000,-14000000,45000000,142000000,1788000000,48000000,-7420000000,11000000,1082000000,USD,-213000000,None,None,-127000000,126000000,46000000,62000000,5000000,110000000,16000000,-173000000,286000000,None,None,None,None,None,None,None,None,None,None,450000000,None,-100000000,None,16000000
92,2019Q2,28.575952380952383,29.105079365079362,28.003968253968253,28.529047619047617,71894411.47619048,0.06,0.05,0.01,20,USD,621000000,1506000000,1099000000,910000000,59000000,189000000,373000000,562000000,None,-25000000,None,25000000,1531000000,3000000,None,70000000,37000000,2000000,25000000,35000000,36000000,62000000,129000000,35000000,USD,5102000000,3754000000,963000000,1128000000,1015000000,1731000000,1348000000,458000000,745000000,231000000,231000000,289000000,223000000,58000000,165000000,248000000,331000000,3201000000,1804000000,828000000,2000000,0,38000000,1397000000,249000000,1031000000,38000000,1031000000,-14000000,48000000,155000000,1901000000,50000000,-7385000000,11000000,1086000000,USD,30000000,13000000,None,-60000000,151000000,52000000,58000000,93000000,60000000,35000000,-7000000,-38000000,None,None,None,None,None,None,None,None,None,None,34000000,None,22000000,None,35000000
93,2019Q3,31.436328125,31.925625,30.821875,31.35953125,59810593.671875,0.08,0.08,0,0,USD,777000000,1737000000,1209000000,1024000000,186000000,185000000,406000000,591000000,None,-24000000,None,24000000,1761000000,-36000000,None,69000000,127000000,7000000,64000000,120000000,113000000,151000000,255000000,120000000,USD,5253000000,3912000000,1156000000,1209000000,1040000000,1586000000,1341000000,453000000,769000000,220000000,220000000,289000000,112000000,59000000,53000000,253000000,335000000,3077000000,1864000000,763000000,10000000,0,38000000,1213000000,239000000,872000000,38000000,872000000,-11000000,49000000,140000000,2176000000,53000000,-7265000000,11000000,1114000000,USD,234000000,18000000,None,8000000,108000000,60000000,55000000,60000000,25000000,120000000,57000000,-98000000,None,None,None,None,None,None,None,None,None,None,3000000,None,102000000,None,120000000
94,2019Q4,36.63234375,37.259375,36.181875,36.81203125,51032983.609375,0.18,0.18,0,0,USD,949000000,2109000000,1384000000,1178000000,348000000,206000000,395000000,601000000,None,91000000,109000000,18000000,2127000000,-125000000,None,64000000,205000000,35000000,18000000,170000000,177000000,223000000,287000000,170000000,USD,6028000000,4597000000,1466000000,1503000000,982000000,2056000000,1431000000,500000000,768000000,210000000,210000000,289000000,95000000,58000000,37000000,233000000,357000000,3201000000,2359000000,988000000,4000000,0,0,842000000,242000000,486000000,43000000,486000000,486000000,74000000,157000000,2827000000,53000000,-7095000000,12000000,1170000000,USD,442000000,73000000,None,552000000,551000000,64000000,42000000,465000000,-58000000,170000000,-26000000,-107000000,None,None,None,None,None,None,None,None,None,None,36000000,None,170000000,None,170000000
95,2020Q1,48.06725806451613,49.31032258064516,46.8841935483871,48.171451612903226,74367050.77419356,0.32,0.31,0.01,3.2258,USD,818000000,1755000000,1167000000,968000000,177000000,199000000,442000000,659000000,None,-13000000,None,13000000,1768000000,4000000,None,68000000,168000000,6000000,13000000,162000000,148000000,181000000,249000000,162000000,USD,5864000000,4390000000,1330000000,1385000000,1056000000,1896000000,1474000000,540000000,794000000,194000000,194000000,289000000,113000000,58000000,55000000,241000000,366000000,2827000000,1985000000,653000000,None,None,None,842000000,211000000,488000000,None,488000000,-4000000,75000000,143000000,3037000000,54000000,-6933000000,12000000,1171000000,USD,-65000000,None,None,-429000000,-63000000,68000000,55000000,-168000000,74000000,162000000,-73000000,2000000,None,None,None,None,None,None,None,None,None,None,3000000,None,-136000000,None,162000000
96,2020Q2,53.10968253968254,54.19206349206349,51.86380952380952,53.01873015873016,64807501.50793651,0.18,0.18,0,0,USD,848000000,1918000000,1299000000,1084000000,173000000,215000000,460000000,675000000,None,-14000000,14000000,14000000,1932000000,1000000,None,72000000,161000000,4000000,14000000,157000000,167000000,175000000,247000000,157000000,USD,6583000000,5109000000,1775000000,1775000000,1324000000,1799000000,1474000000,585000000,837000000,174000000,174000000,289000000,59000000,59000000,0,211000000,326000000,3278000000,2434000000,802000000,None,None,200000000,844000000,204000000,490000000,200000000,490000000,690000000,68000000,150000000,3305000000,54000000,-6776000000,12000000,1174000000,USD,243000000,None,None,268000000,353000000,72000000,91000000,104000000,268000000,157000000,-36000000,238000000,0,None,None,None,None,None,None,None,None,None,39000000,None,157000000,None,157000000
97,2020Q3,74.069790625,75.71187499999999,72.3298203125,74.251484375,61751111.15625,0.18,0.16,0.02,12.5,USD,1230000000,2790000000,1844000000,1571000000,449000000,273000000,508000000,781000000,None,-11000000,None,11000000,2801000000,-37000000,None,82000000,402000000,12000000,11000000,390000000,399000000,413000000,495000000,390000000,USD,7023000000,5500000000,1296000000,1771000000,1292000000,2138000000,1523000000,595000000,890000000,194000000,194000000,289000000,60000000,60000000,475000000,299000000,364000000,3156000000,2417000000,752000000,None,None,72000000,739000000,205000000,398000000,None,373000000,398000000,72000000,161000000,3867000000,126000000,-6386000000,12000000,1202000000,USD,339000000,None,None,282000000,479000000,125000000,74000000,351000000,-32000000,390000000,-549000000,-269000000,0,None,None,None,78000000,78000000,None,None,None,None,3000000,None,390000000,None,390000000
98,2020Q4,86.406590625,87.7322921875,84.8670625,86.295,45877261.578125,0.41,0.36,0.05,13.8889,USD,1451000000,3235000000,2101000000,1793000000,570000000,308000000,573000000,881000000,None,46000000,55000000,9000000,3244000000,-15000000,None,90000000,549000000,-1232000000,9000000,1778000000,1793000000,558000000,648000000,1781000000,USD,8962000000,6143000000,1595000000,2290000000,1399000000,2189000000,2819000000,641000000,912000000,229000000,229000000,289000000,63000000,63000000,695000000,378000000,373000000,3125000000,2417000000,468000000,15000000,0,0,708000000,201000000,330000000,None,330000000,330000000,75000000,177000000,5837000000,131000000,-4605000000,12000000,1211000000,USD,554000000,None,None,-634000000,98000000,320000000,74000000,-68000000,107000000,1778000000,-294000000,35000000,0,None,None,None,115000000,115000000,None,None,None,None,40000000,None,1778000000,None,1781000000
99,2021Q1,86.46770491803278,87.6893,84.61845901639343,86.10204918032788,44919310.81967213,0.52,0.47,0.05,10.6383,USD,1587000000,3422000000,2272000000,1858000000,662000000,319000000,610000000,1032000000,None,-9000000,None,9000000,3431000000,-11000000,None,95000000,644000000,89000000,15000000,555000000,544000000,653000000,748000000,555000000,USD,10047000000,7197000000,1763000000,3116000000,1653000000,2185000000,2850000000,681000000,975000000,203000000,203000000,289000000,65000000,65000000,1353000000,243000000,412000000,3570000000,2864000000,949000000,None,None,None,706000000,238000000,314000000,None,313000000,314000000,96000000,155000000,6477000000,141000000,-4058000000,12000000,1215000000,USD,898000000,None,None,466000000,330000000,109000000,66000000,109000000,254000000,555000000,-722000000,-8000000,None,0,0,None,None,None,None,None,None,None,2000000,None,168000000,None,555000000
100,2021Q2,80.75690476190475,81.96183968253969,79.65844126984126,80.81809523809524,42716607.31746032,0.52,0.44,0.08,18.1818,USD,1830000000,3840000000,2361000000,2020000000,831000000,341000000,659000000,1000000000,None,-10000000,None,10000000,3850000000,0,None,97000000,823000000,113000000,10000000,710000000,711000000,833000000,930000000,710000000,USD,10691000000,7818000000,2623000000,3793000000,1765000000,2026000000,2873000000,671000000,1005000000,204000000,204000000,289000000,67000000,67000000,1170000000,234000000,509000000,3626000000,2892000000,836000000,None,None,None,734000000,240000000,313000000,None,313000000,313000000,109000000,181000000,7065000000,401000000,-3348000000,12000000,1213000000,USD,952000000,None,None,-120000000,41000000,111000000,64000000,-159000000,112000000,710000000,119000000,-211000000,None,256000000,256000000,None,None,None,None,None,None,None,-207000000,None,710000000,None,710000000
101,2021Q3,102.1322171875,103.993365625,100.4278796875,102.22015625,62531628.71875,0.63,0.54,0.09,16.6667,USD,2086000000,4306000000,2603000000,2227000000,948000000,376000000,765000000,1141000000,None,-7000000,None,7000000,4313000000,62000000,None,97000000,1005000000,82000000,7000000,923000000,916000000,1012000000,1109000000,923000000,USD,11153000000,7988000000,2440000000,3608000000,1902000000,2229000000,3165000000,717000000,1052000000,203000000,203000000,289000000,69000000,69000000,1168000000,249000000,770000000,4017000000,3564000000,1048000000,None,312000000,312000000,453000000,269000000,1000000,312000000,1000000,313000000,120000000,183000000,7136000000,1356000000,-2425000000,12000000,1212000000,USD,849000000,None,None,180000000,570000000,113000000,85000000,203000000,138000000,923000000,-83000000,-949000000,0,748000000,748000000,None,None,None,None,None,None,None,-744000000,None,923000000,None,923000000
102,2021Q4,134.091125,137.1846484375,131.296115625,134.4203125,54331964.578125,0.73,0.67,0.06,8.9552,USD,2426000000,4845000000,2930000000,2400000000,1207000000,412000000,811000000,1356000000,None,34000000,42000000,8000000,4811000000,4000000,None,118000000,1203000000,229000000,8000000,974000000,971000000,1211000000,1329000000,974000000,USD,12419000000,8583000000,2535000000,3608000000,1955000000,3035000000,3836000000,702000000,1134000000,289000000,0,289000000,69000000,69000000,1073000000,312000000,1478000000,4922000000,4240000000,1321000000,None,312000000,312000000,682000000,348000000,1000000,312000000,1000000,313000000,98000000,321000000,7497000000,2130000000,-1451000000,12000000,1207000000,USD,822000000,None,None,275000000,1231000000,431000000,86000000,487000000,52000000,974000000,0,-727000000,0,758000000,758000000,None,None,None,None,None,None,None,-709000000,None,95000000,None,974000000
103,2022Q1,120.01354838709678,122.91028709677418,116.23268387096775,119.37903225806451,103059518.67741935,0.92,0.76,0.16,21.0526,USD,2818000000,5859000000,4275000000,3069000000,951000000,597000000,1060000000,2281000000,None,-13000000,None,13000000,5872000000,-42000000,None,609000000,899000000,113000000,13000000,786000000,787000000,912000000,1521000000,786000000,USD,66915000000,13369000000,4740000000,6532000000,2431000000,3681000000,53546000000,1406000000,1186000000,49915000000,26832000000,23083000000,4498000000,72000000,1792000000,725000000,1705000000,11582000000,5581000000,1476000000,None,312000000,312000000,6001000000,370000000,1475000000,312000000,1475000000,1787000000,518000000,1047000000,55333000000,941000000,-665000000,16000000,1620000000,USD,995000000,None,None,4000000,959000000,628000000,71000000,673000000,26000000,786000000,3158000000,-1948000000,None,1914000000,1914000000,None,None,None,None,None,None,None,-1912000000,None,2205000000,None,786000000
104,2022Q2,94.08467741935483,96.35556774193547,91.34659193548387,93.6058064516129,107200474.24193548,1.13,0.91,0.22,24.1758,USD,3028000000,6525000000,4114000000,3522000000,526000000,592000000,1300000000,1892000000,None,-25000000,35000000,25000000,6550000000,-4000000,None,1000000000,501000000,54000000,25000000,447000000,416000000,526000000,1526000000,447000000,USD,67502000000,13462000000,4964000000,5992000000,2648000000,4053000000,54047000000,1441000000,1311000000,50359000000,26159000000,24200000000,3723000000,76000000,1028000000,769000000,1657000000,12333000000,5523000000,1518000000,None,312000000,312000000,6810000000,422000000,2465000000,312000000,2465000000,2777000000,258000000,1118000000,55169000000,1893000000,-218000000,16000000,1612000000,USD,1038000000,None,None,24000000,569000000,1000000000,132000000,344000000,248000000,447000000,-928000000,114000000,0,921000000,921000000,None,None,None,None,None,0,None,-845000000,None,447000000,None,447000000
105,2022Q3,84.938984375,86.7041546875,83.223709375,85.1465625,79846673.5625,1.05,1.03,0.02,1.9417,USD,2354000000,5534000000,3768000000,3211000000,-64000000,557000000,1279000000,1836000000,None,-31000000,34000000,31000000,5565000000,22000000,None,1000000000,-69000000,-135000000,31000000,66000000,11000000,-38000000,962000000,66000000,USD,67811000000,14420000000,3398000000,5591000000,3369000000,4340000000,53391000000,1486000000,1396000000,49349000000,25162000000,24187000000,4932000000,80000000,2193000000,1120000000,1954000000,13269000000,6691000000,2337000000,None,0,0,6578000000,424000000,2466000000,None,2466000000,2466000000,359000000,1610000000,54542000000,2815000000,-152000000,16000000,1612000000,USD,965000000,None,None,783000000,1596000000,1125000000,123000000,285000000,723000000,66000000,-1298000000,-1233000000,-312000000,617000000,617000000,None,None,None,None,None,0,None,-616000000,None,66000000,None,66000000
106,2022Q4,66.00911111111111,67.5394365079365,64.54236984126985,66.00571428571428,76079000.33333333,0.67,0.68,-0.01,-1.4706,USD,2403000000,5732000000,5006000000,3196000000,-149000000,590000000,1366000000,3177000000,None,134000000,153000000,19000000,5598000000,32000000,None,1220000000,-133000000,-154000000,19000000,21000000,68000000,-114000000,1106000000,21000000,USD,67580000000,15019000000,4835000000,5855000000,3771000000,5226000000,53813000000,1513000000,1507000000,48295000000,24118000000,24200000000,4503000000,83000000,1020000000,1265000000,2152000000,12830000000,6369000000,2493000000,None,0,0,6461000000,396000000,2467000000,0,2467000000,2467000000,336000000,1664000000,54750000000,3099000000,-131000000,16000000,1612000000,USD,567000000,None,None,120000000,503000000,1747000000,124000000,-211000000,404000000,21000000,1067000000,-197000000,312000000,250000000,250000000,None,None,None,None,0,0,None,-162000000,None,None,None,21000000
107,2023Q1,80.85274193548386,82.82313870967742,79.46634032258063,81.3808064516129,62639893.451612905,0.69,0.67,0.02,2.9851,USD,2359000000,5353000000,2994000000,2994000000,-145000000,585000000,1411000000,2504000000,None,-25000000,25000000,25000000,None,43000000,None,518000000,-126000000,13000000,None,-140000000,-119000000,-101000000,2537000000,-139000000,USD,67634000000,15658000000,3825000000,5939000000,4235000000,None,51976000000,1500000000,1593000000,47468000000,23291000000,24177000000,None,84000000,2114000000,1442000000,2410000000,12940000000,6577000000,2518000000,None,None,None,6363000000,381000000,2467000000,None,2467000000,2848000000,539000000,1874000000,54694000000,3362000000,-270000000,16000000,1609000000,USD,486000000,None,None,None,None,2638000000,158000000,86000000,-464000000,-139000000,-1237000000,-259000000,0,None,0,None,None,None,None,0,0,None,0,None,-1010000000,None,-139000000
108,2023Q2,103.89270967741935,105.99497903225806,101.87081451612903,103.99677419354839,67757324.46774194,0.6,0.56,0.04,7.1429,USD,2443000000,5331000000,4156000000,2916000000,-20000000,547000000,1443000000,2683000000,None,-28000000,28000000,28000000,5359000000,46000000,None,693000000,4000000,-23000000,28000000,27000000,16000000,32000000,725000000,27000000,USD,67967000000,16505000000,3841000000,6285000000,4567000000,4312000000,51462000000,1541000000,1682000000,46775000000,22598000000,24177000000,5579000000,90000000,2444000000,1339000000,2527000000,12831000000,7572000000,2779000000,None,1503000000,753000000,6759000000,393000000,1714000000,750000000,1714000000,2467000000,756000000,1787000000,55136000000,3430000000,-243000000,16000000,1614000000,USD,379000000,None,None,None,None,693000000,125000000,-272000000,332000000,27000000,-438000000,75000000,0,0,0,None,None,None,None,0,0,None,0,None,16000000,None,27000000
109,2023Q3,108.80778253968253,110.7161126984127,106.64823333333334,108.55412698412698,59687636.333333336,0.58,0.57,0.01,1.7544,USD,2747000000,5774000000,4289000000,3053000000,224000000,576000000,1507000000,2743000000,None,-26000000,26000000,26000000,5800000000,59000000,None,660000000,260000000,-39000000,26000000,299000000,281000000,286000000,946000000,299000000,USD,67626000000,16688000000,3561000000,5785000000,4445000000,5055000000,50938000000,1566000000,1730000000,46136000000,21950000000,24186000000,5338000000,93000000,2224000000,1403000000,2560000000,12656000000,7627000000,2245000000,None,1502000000,752000000,6529000000,395000000,1715000000,750000000,1715000000,2467000000,929000000,1767000000,54970000000,4235000000,56000000,17000000,1615000000,USD,421000000,None,None,-547000000,765000000,-677000000,124000000,744000000,-122000000,299000000,102000000,-803000000,0,511000000,511000000,None,None,None,None,0,0,None,-507000000,None,None,None,299000000
110,2023Q4,117.31394126984127,119.51484126984127,115.70094920634921,117.85738095238096,56454019.61904762,0.7,0.68,0.02,2.9412,USD,2911000000,6452000000,5154000000,3257000000,342000000,644000000,1511000000,3409000000,None,285000000,312000000,27000000,6167000000,49000000,None,1253000000,370000000,-297000000,27000000,667000000,707000000,397000000,1650000000,667000000,USD,67885000000,16768000000,3933000000,5773000000,4351000000,6476000000,51117000000,1589000000,1787000000,45625000000,21363000000,24262000000,5253000000,99000000,1840000000,1259000000,2805000000,11993000000,6689000000,2055000000,None,751000000,751000000,6704000000,535000000,1717000000,751000000,1717000000,2468000000,438000000,1850000000,55892000000,4514000000,723000000,17000000,1616000000,USD,381000000,None,None,-181000000,319000000,1240000000,139000000,320000000,-94000000,667000000,150000000,-159000000,0,233000000,233000000,None,None,None,None,None,None,None,-113000000,None,None,None,667000000
