,Quarter,1. open,2. high,3. low,4. close,5. volume,reportedEPS,estimatedEPS,surprise,surprisePercentage,reportedCurrency_x,grossProfit,totalRevenue,costOfRevenue,costofGoodsAndServicesSold,operatingIncome,sellingGeneralAndAdministrative,researchAndDevelopment,operatingExpenses,investmentIncomeNet,netInterestIncome,interestIncome,interestExpense,nonInterestIncome,otherNonOperatingIncome,depreciation,depreciationAndAmortization,incomeBeforeTax,incomeTaxExpense,interestAndDebtExpense,netIncomeFromContinuingOperations,comprehensiveIncomeNetOfTax,ebit,ebitda,netIncome_x,reportedCurrency_y,totalAssets,totalCurrentAssets,cashAndCashEquivalentsAtCarryingValue,cashAndShortTermInvestments,inventory,currentNetReceivables,totalNonCurrentAssets,propertyPlantEquipment,accumulatedDepreciationAmortizationPPE,intangibleAssets,intangibleAssetsExcludingGoodwill,goodwill,investments,longTermInvestments,shortTermInvestments,otherCurrentAssets,otherNonCurrentAssets,totalLiabilities,totalCurrentLiabilities,currentAccountsPayable,deferredRevenue,currentDebt,shortTermDebt,totalNonCurrentLiabilities,capitalLeaseObligations,longTermDebt,currentLongTermDebt,longTermDebtNoncurrent,shortLongTermDebtTotal,otherCurrentLiabilities,otherNonCurrentLiabilities,totalShareholderEquity,treasuryStock,retainedEarnings,commonStock,commonStockSharesOutstanding,reportedCurrency,operatingCashflow,paymentsForOperatingActivities,proceedsFromOperatingActivities,changeInOperatingLiabilities,changeInOperatingAssets,depreciationDepletionAndAmortization,capitalExpenditures,changeInReceivables,changeInInventory,profitLoss,cashflowFromInvestment,cashflowFromFinancing,proceedsFromRepaymentsOfShortTermDebt,paymentsForRepurchaseOfCommonStock,paymentsForRepurchaseOfEquity,paymentsForRepurchaseOfPreferredStock,dividendPayout,dividendPayoutCommonStock,dividendPayoutPreferredStock,proceedsFromIssuanceOfCommonStock,proceedsFromIssuanceOfLongTermDebtAndCapitalSecuritiesNet,proceedsFromIssuanceOfPreferredStock,proceedsFromRepurchaseOfEquity,proceedsFromSaleOfTreasuryStock,changeInCashAndCashEquivalents,changeInExchangeRate,netIncome_y
52,2009Q2,33.934285714285714,34.374123809523816,33.451550793650796,33.931269841269845,6205895.238095238,1.2,0.99,0.21,21.2121,USD,2532200000,5292800000,2760600000,947400000,-321400000,1708200000,1040400000,2853600000,18800000,-64300000,None,64300000,None,21400000,None,306000000,1467700000,309200000,64300000,1158500000,1822000000,1532000000,1470400000,1158500000,USD,26931500000,10935300000,3322300000,3490400000,2999700000,3329900000,7401900000,8594300000,6621400000,3790300000,3790300000,None,None,1239000000,168100000,1115300000,2372600000,18371500000,6989300000,918600000,None,1034900000,1034900000,11382200000,None,6688000000,None,6688000000,7722900000,2635000000,1331000000,11576300000,98500000,9049500000,718700000,1097200000,USD,923300000,None,None,None,None,-306000000,176900000,None,None,1158500000,102100000,-1111600000,-569200000,None,None,None,539000000,539000000,None,None,None,None,None,None,9200000,95400000,1158500000
53,2009Q3,33.566015625,33.8433828125,33.2403140625,33.531093750000004,6402159.375,1.12,1.02,0.1,9.8039,USD,2258500000,5562000000,3303500000,1051900000,-1115200000,1701800000,1122100000,3373700000,15200000,-59200000,None,59200000,None,-22900000,None,309700000,1069500000,127700000,59200000,941800000,1233200000,1128700000,2011100000,941800000,USD,27127900000,11810000000,3848200000,3929100000,3128200000,3482900000,7085200000,8232700000,6955800000,3738900000,3738900000,None,None,1173800000,80900000,1269800000,2172500000,17222900000,6067500000,887700000,None,622500000,622500000,11155400000,None,6769700000,None,6769700000,7392200000,2311900000,1284600000,12917800000,98500000,9992700000,718700000,1097700000,USD,1305700000,52800000,None,None,-33800000,1534300000,174300000,None,None,941800000,67700000,-913200000,-16600000,None,None,None,536600000,536600000,None,None,None,None,None,None,525900000,65700000,941800000
54,2009Q4,35.17640625,35.4746875,34.8668125,35.190625,6776278.125,1.2,1.02,0.18,17.6471,USD,2511700000,5934200000,3422500000,1431300000,-696200000,1953300000,1216700000,3207900000,-136600000,472400000,522600000,50200000,None,-31400000,None,375800000,1137200000,221800000,-472400000,915400000,618900000,1187400000,1722500000,915400000,USD,27460900000,12486500000,4462900000,4497600000,2849900000,3831800000,6777000000,8197400000,6902600000,2524800000,2524800000,1175000000,None,1155800000,34700000,1307200000,1921400000,17935600000,6568100000,968100000,None,27400000,27400000,11367500000,None,6655000000,None,6634700000,6682400000,2683900000,1309700000,12536900000,98500000,9830400000,718700000,1103400000,USD,2018600000,None,None,None,-873200000,375800000,765000000,None,-179000000,915400000,-254300000,-1128500000,-994800000,None,None,None,539700000,539700000,None,None,None,None,None,None,614700000,-21100000,915400000
55,2010Q1,35.35639344262295,35.62188524590164,35.047537704918035,35.3383606557377,6938857.377049181,0.91,0.92,-0.01,-1.087,USD,2722400000,5485500000,2763100000,1122500000,42700000,1614400000,1039100000,2679700000,10600000,-47600000,None,47600000,None,111500000,None,299400000,1707800000,459700000,47600000,1248100000,943100000,1755400000,2019500000,1248100000,USD,27197800000,12252400000,4725200000,4758400000,2471100000,3729900000,6958400000,7987000000,6194100000,4031600000,4031600000,None,None,1099200000,33200000,1293000000,1827600000,16735500000,5657600000,964000000,None,20100000,20100000,11077900000,None,6661300000,None,6661300000,6681400000,2773100000,1172900000,13472800000,97400000,11077200000,721300000,1103400000,USD,958000000,None,None,None,230500000,299400000,0,None,None,1248100000,-52600000,-547000000,-7900000,None,None,None,539200000,539200000,None,None,100000,None,None,None,262300000,-96100000,1248100000
56,2010Q2,34.63047619047619,34.87213492063492,34.31800793650794,34.58111111111111,8018284.126984127,1.18,1.1,0.08,7.2727,USD,2942100000,5748700000,2806600000,1023900000,-82200000,1755400000,1187200000,3071800000,11000000,-47500000,None,47500000,None,18100000,None,345600000,1736500000,387600000,47500000,1348900000,818200000,1784000000,2138800000,1348900000,USD,27723100000,12466400000,5163500000,5196600000,2174400000,3653000000,7472300000,7784400000,6259800000,4036000000,4036000000,None,None,1064700000,33100000,1442400000,2371600000,17487800000,6324600000,950300000,None,26700000,26700000,11163200000,None,6862200000,None,6862200000,6888900000,2492800000,1110600000,13254700000,97400000,11343700000,721300000,1099200000,USD,1911600000,None,None,None,86700000,345600000,400000000,None,None,1348900000,-754200000,-531500000,6600000,None,None,None,536700000,536700000,None,None,600000,None,None,None,438300000,-187600000,1348900000
57,2010Q3,35.27921875,35.537109375,35.0160828125,35.327968750000004,7475471.875,1.24,1.1,0.14,12.7273,USD,2912800000,5654800000,2742000000,987600000,-108200000,1694900000,1219800000,3068200000,16300000,-47200000,None,47200000,None,9200000,None,344700000,1671300000,368400000,47200000,1302900000,2080800000,1718500000,2113500000,1302900000,USD,29904300000,14184300000,5908800000,6140100000,2679600000,3874800000,7778100000,7941900000,6474900000,4309000000,4309000000,None,None,1340200000,231300000,1489000000,2129400000,17498800000,6097400000,1034700000,None,155100000,155100000,11401400000,None,6982000000,None,6982000000,125000000,2583700000,1213300000,15426300000,97400000,12647100000,721300000,1099000000,USD,1759100000,None,None,None,162600000,344700000,19000000,None,None,1302900000,-788500000,-393800000,126400000,None,None,None,545300000,545300000,None,None,300000,None,None,None,745300000,168500000,1302900000
58,2010Q4,35.37,35.5359609375,35.1653515625,35.35703125,6534601.453125,1.21,1.15,0.06,5.2174,USD,2887100000,6187000000,3299900000,1232200000,-1013800000,1988700000,1438100000,3573100000,-89800000,327800000,371000000,43200000,None,-10200000,None,338500000,1409600000,240000000,-327800000,1169600000,1029300000,1452800000,1880500000,1169600000,USD,31001400000,14840000000,5993200000,6727000000,2517700000,4158100000,8220700000,7940700000,6545900000,3394900000,3394900000,1423900000,207800000,1779500000,733800000,1437200000,1622400000,18581100000,6926900000,1072200000,None,137800000,156000000,11661700000,None,6788700000,18200000,6770500000,6944700000,2476800000,1769000000,12420300000,96400000,12732600000,721300000,1112003000,USD,2228100000,None,None,None,-301400000,338500000,717700000,None,157000000,1169600000,-1564500000,-549600000,0,None,None,None,544100000,544100000,None,None,200000,None,None,None,84400000,-29600000,1169600000
59,2011Q1,34.76532258064516,34.94209838709678,34.60018709677419,34.77145161290323,7726162.903225807,1.11,1.1,0.01,0.9091,USD,2797100000,5839200000,3042100000,1180100000,-226800000,1785700000,1124000000,3069700000,15500000,-45800000,None,45800000,None,19100000,None,340900000,1273900000,218000000,45800000,1055900000,1537200000,1319700000,2194600000,1055900000,USD,31695300000,15354300000,6506400000,6713100000,2767200000,4183100000,8373300000,7967700000,6572400000,4731300000,4731300000,None,None,1898700000,206700000,1690900000,1743300000,21585400000,7651800000,1183200000,None,1539900000,1539900000,10109300000,None,6906300000,None,5132400000,8446200000,2600000000,1886200000,16951200000,95300000,13785300000,724100000,1111474000,USD,1176100000,None,None,None,-92500000,340900000,29600000,None,None,1055900000,-40700000,-713800000,-116200000,None,None,None,543200000,543200000,None,None,0,None,None,None,513200000,91600000,1055900000
60,2011Q2,37.247301587301585,37.500619047619054,37.04474603174603,37.2731746031746,7489600.0,1.24,1.17,0.07,5.9829,USD,2849500000,6252800000,3403300000,1228000000,-622700000,2043000000,1260600000,3517300000,17800000,-45100000,None,45100000,None,-30300000,None,355600000,1531300000,334000000,45100000,1197300000,1376200000,1576400000,1883800000,1197300000,USD,32779300000,14950300000,6113500000,6329800000,2870200000,4446500000,9875300000,7953700000,6716400000,4955400000,4955400000,None,None,2943000000,216300000,1303800000,1976900000,22572000000,8620500000,1187600000,None,1528500000,1528500000,9881800000,None,7021000000,None,5200100000,8549500000,2786700000,1550100000,17289900000,95300000,13888200000,724100000,1107100000,USD,2040300000,140000000,None,None,78000000,355600000,403200000,None,None,1197300000,-1898600000,-564300000,-12300000,None,None,None,552100000,552100000,None,None,0,None,None,None,-392900000,29700000,1197300000
61,2011Q3,36.90890625,37.3184390625,36.5238125,36.940625,9604956.25,1.18,1.18,0,0,USD,2866800000,6147900000,3281100000,1338100000,-393600000,1917800000,1280900000,3305400000,22200000,-45000000,None,45000000,None,-60600000,None,358200000,1502500000,266200000,45000000,1236300000,740300000,1547500000,1611100000,1236300000,USD,33042200000,14572700000,6597700000,6784300000,2513300000,4097600000,10657300000,7812200000,6806300000,5221900000,5221900000,None,None,3219600000,186600000,1177500000,2215800000,21763400000,8219300000,1154300000,None,1628700000,1628700000,9765000000,None,7418300000,None,5451300000,9047000000,2720300000,1449000000,18073700000,95300000,15125900000,724100000,1113800000,USD,2073400000,120000000,None,None,-207500000,358200000,172900000,None,None,1236300000,-1008300000,-440900000,99900000,None,None,None,540900000,540900000,None,None,0,None,None,None,484200000,-140000000,1236300000
62,2011Q4,38.36436507936508,38.69079365079365,38.03984126984127,38.352539682539685,8185801.587301588,1.13,1.13,0,0,USD,2423900000,6046600000,3622700000,1321700000,-1622500000,2133400000,1355300000,4096500000,24400000,-50100000,None,50100000,None,-1100000,None,318900000,1041800000,183600000,50100000,858200000,-494500000,1091900000,1405000000,858200000,USD,33659800000,14248200000,5922500000,6897100000,2299800000,4237900000,11651300000,7760300000,6833800000,3693400000,3693400000,1434700000,202500000,4029800000,974600000,813400000,2493400000,20118100000,8930900000,1125200000,None,3039100000,1522300000,11193300000,None,6981500000,1516800000,5464700000,8503800000,2481200000,1573800000,13541700000,95300000,14897800000,724100000,1115883000,USD,1944700000,None,None,None,-166500000,318900000,699200000,None,203100000,858200000,-1876800000,-650900000,-105500000,None,None,None,543900000,543900000,None,None,0,None,None,None,-675200000,-92200000,858200000
63,2012Q1,39.67741774193548,39.875583870967745,39.440774193548386,39.66758064516129,6940124.193548387,0.87,0.81,0.06,7.4074,USD,2532800000,5602000000,3069200000,1197900000,-520900000,1847500000,1151500000,2999000000,26100000,-45300000,None,45300000,None,-26800000,None,147700000,1335300000,324200000,45300000,1011100000,1320500000,1380600000,1528300000,1011100000,USD,32238200000,12602600000,4122200000,4924600000,2424200000,3931300000,11881000000,7754600000,7011100000,5266700000,5266700000,None,None,4521100000,802400000,1322500000,2093200000,21328300000,6553700000,1246300000,None,10600000,10600000,10861900000,None,5845200000,None,5403200000,5855800000,2754400000,1533900000,17847200000,94300000,15906700000,725800000,1111098901,USD,852500000,None,None,None,-132100000,385900000,0,None,None,1011100000,-652300000,-2057000000,-5300000,0,0,None,544600000,544600000,None,None,0,None,None,None,-1800300000,56500000,1011100000
64,2012Q2,40.90190476190477,41.14301428571429,40.704636507936506,40.943015873015874,6225434.920634921,0.92,0.78,0.14,17.9487,USD,2522900000,5600700000,3077800000,1146700000,-763700000,1931100000,1320700000,3251800000,27200000,-43000000,None,43000000,None,-700000,None,133100000,1185700000,262100000,43000000,923600000,538600000,1228700000,1361800000,923600000,USD,31812600000,12307300000,4345800000,5261500000,2320800000,3771700000,11885400000,7619900000,7085700000,5142800000,5142800000,None,None,4547600000,915700000,953300000,2195000000,21302600000,6609700000,1201600000,None,9100000,9100000,10895000000,None,6031400000,None,5500200000,6040500000,2590400000,1472800000,17323600000,94300000,15736200000,725800000,1112771084,USD,1306000000,None,None,None,-18600000,362000000,0,None,None,923600000,-385300000,-552700000,-1400000,0,0,None,550400000,550400000,None,None,0,None,None,None,223600000,-144400000,923600000
65,2012Q3,44.41404761904762,44.71364761904762,44.14024603174603,44.44968253968254,7051084.126984127,0.83,0.77,0.06,7.7922,USD,2429000000,5443300000,3014300000,1203600000,-758900000,1757400000,1342800000,3100200000,25700000,-47000000,None,47000000,None,22000000,None,140800000,1874700000,548100000,47000000,1326600000,1724900000,1921700000,2062500000,1326600000,USD,34321000000,14038900000,5319200000,6899900000,2553400000,3795500000,12643200000,7638900000,7305500000,5031100000,5031100000,None,None,5224300000,1580700000,790100000,2387800000,22355600000,6960700000,1328700000,None,9100000,9100000,11303400000,None,6072200000,None,5510900000,6081300000,2816400000,1815000000,19077700000,94300000,17062200000,725800000,1124237288,USD,1544300000,None,None,None,-55500000,369700000,102000000,None,None,1326600000,-132700000,-544700000,0,0,0,None,544200000,544200000,None,None,0,None,None,None,973400000,106500000,1326600000
66,2012Q4,49.15161290322581,49.679759677419355,48.681935483870966,49.21596774193548,8383885.483870967,0.79,0.83,-0.04,-4.8193,USD,4505000000,5957300000,1452300000,1248300000,1064400000,1977500000,1463100000,3440600000,26000000,-42500000,None,42500000,None,-35500000,None,141300000,1012400000,185200000,42500000,1012400000,566100000,1054900000,1196200000,827200000,USD,34398900000,13038700000,4018800000,5684300000,2643800000,3888300000,13600000000,7760200000,7157800000,3631300000,2130000000,1501300000,7771300000,6313900000,1665500000,822300000,2533400000,19633700000,8389500000,1188300000,None,11900000,11900000,11235500000,None,5531300000,11900000,5519400000,5543200000,2738900000,1369400000,14765200000,192400000,16088200000,716600000,1146493000,USD,1602000000,None,None,None,-204700000,344600000,942200000,None,307900000,1012400000,-1662500000,-1265200000,6700000,721100000,721100000,None,548200000,548200000,None,None,0,None,None,None,-1300400000,25300000,827200000
67,2013Q1,53.859833333333334,54.26448333333334,53.600735,53.985,6178915.0,0.85,0.78,0.07,8.9744,USD,2623900000,5602000000,2978100000,1158300000,-579200000,1652000000,1348100000,3000100000,23600000,-40300000,None,40300000,None,50500000,None,146100000,1951100000,403100000,40300000,1548000000,1330700000,1991400000,2137500000,1548000000,USD,32300100000,12326100000,3936600000,4732400000,2576700000,3439700000,12350600000,7623400000,7264200000,4618600000,4618600000,None,5991200000,5636200000,795800000,987900000,2095800000,20982600000,7593600000,974400000,None,1028000000,1028000000,9750900000,None,5886400000,None,4431600000,6914400000,2274400000,1295200000,17961800000,93600000,16462400000,704500000,1087900000,USD,379400000,None,None,None,51000000,381500000,0,None,None,1548000000,1355100000,-1730100000,0,1198100000,1198100000,None,531100000,531100000,None,None,0,None,-1198100000,None,-82200000,-86600000,1548000000
68,2013Q2,54.54203125,54.9092953125,54.0184375,54.41234375,5255823.4375,1.14,1.05,0.09,8.5714,USD,2688200000,5929700000,3241500000,1165200000,-718500000,1867600000,1330400000,3198000000,29700000,-40300000,None,40300000,None,22500000,None,145200000,1514900000,308700000,40300000,1206200000,1271900000,1555200000,1700400000,1206200000,USD,33226000000,12639300000,3786500000,4711000000,2725400000,3579100000,12950000000,7636700000,7401200000,4508500000,4508500000,None,6942800000,6561400000,924500000,988900000,1880100000,17989600000,8408500000,1141000000,None,1023200000,1023200000,9581100000,None,5638100000,None,4290800000,6661300000,2297600000,1258000000,18240600000,93600000,16608600000,704700000,1080200000,USD,1637200000,None,None,None,147900000,363900000,0,None,None,1206200000,-1251700000,-533800000,0,0,0,None,533000000,533000000,None,None,0,None,0,None,-150100000,-1800000,1206200000
69,2013Q3,52.38375,52.7045328125,51.9762578125,52.35234375,4945862.5,1.16,1,0.16,16,USD,2789900000,5772600000,2982700000,1198100000,-372100000,1652400000,1377400000,3029800000,32200000,-39800000,None,39800000,None,-23700000,None,132200000,1513400000,310300000,39800000,1203100000,1587700000,1553200000,1685400000,1203100000,USD,33965600000,13202200000,4368900000,5379300000,2974100000,3445000000,12996000000,7767400000,7575600000,4455100000,4455100000,None,7600500000,7220200000,1010400000,853400000,1320700000,17069500000,8076100000,1247400000,None,1019100000,1000000000,8993400000,None,5570200000,None,4263800000,6570200000,2110900000,1268200000,19900300000,93600000,17811000000,704700000,1080200000,USD,1991600000,None,None,None,608700000,349000000,0,None,None,1203100000,-943800000,-529000000,0,0,0,None,527700000,527700000,None,None,0,None,0,None,582400000,63600000,1203100000
70,2013Q4,50.0675,50.390625,49.729590625,50.07625,6100559.375,1.11,1.04,0.07,6.7308,USD,4386900000,5808800000,1421900000,1386500000,957900000,1953600000,1475400000,3429000000,34200000,-39700000,None,39700000,None,14600000,None,131500000,909900000,182400000,39700000,909900000,2288900000,949600000,1081100000,727500000,USD,35248700000,13104700000,3830200000,5397300000,2928800000,4022800000,14168500000,7975500000,7671200000,4331100000,2814300000,1516800000,8598900000,7624900000,1567100000,755800000,2212500000,17617300000,8916600000,1119300000,None,1012600000,1012600000,8691400000,None,5490900000,1012600000,4200300000,5212900000,2328400000,1863000000,17631400000,93600000,16992400000,698500000,1075096000,USD,1726800000,None,None,None,-770800000,351200000,1036200000,None,286500000,909900000,-1232400000,-1036400000,0,500000000,500000000,None,528900000,528900000,None,None,0,None,-500000000,None,-538700000,3300000,727500000
71,2014Q1,55.7144262295082,56.26049180327869,55.3064,55.80885245901639,5681985.24590164,0.74,0.74,0,0,USD,1812200000,4683100000,2870900000,1222700000,-945300000,1484900000,1109300000,2594200000,34400000,-37800000,None,37800000,None,59400000,220000000,131900000,890800000,162900000,37800000,727900000,773300000,928600000,1060500000,727900000,USD,34756900000,13039300000,3888000000,5212400000,2969000000,3002900000,13746900000,7970700000,7808900000,4203100000,4203100000,None,7829700000,7204800000,1324400000,1111800000,2339000000,16418800000,6631700000,1149900000,None,9100000,1000000000,9776500000,None,5595500000,None,5255300000,6595500000,2330800000,2061500000,18338100000,91400000,17665300000,700100000,1072700000,USD,272300000,None,None,None,93500000,348800000,25000000,None,None,727900000,388400000,-595100000,0,55000000,55000000,None,524100000,524100000,None,None,992900000,None,-55000000,None,57800000,-7800000,727900000
72,2014Q2,59.648411111111116,60.08175079365079,59.13792063492063,59.663809523809526,4727357.142857143,0.7,0.7,0,0,USD,1947900000,4935600000,2987700000,1189700000,-1045500000,1663900000,1195400000,2859300000,33600000,-35500000,None,35500000,0,55700000,216300000,134100000,940400000,206900000,35500000,733500000,755500000,975900000,1110000000,733500000,USD,35018400000,13156700000,3765700000,5126500000,3190300000,3187900000,13760800000,8100900000,8012700000,4670100000,4670100000,None,7403400000,6649700000,1360800000,1085800000,2441000000,17034700000,7417400000,1124600000,None,10300000,10300000,9606200000,None,5671600000,None,5301000000,5311300000,2036300000,1836600000,17983700000,91400000,17204300000,699000000,1071700000,USD,1053900000,None,None,None,27700000,348400000,46300000,None,None,733500000,-468900000,-702500000,2300000,145000000,145000000,None,526900000,526900000,None,None,0,None,-145000000,None,-122300000,-4800000,733500000
73,2014Q3,63.29828125,63.6715265625,62.90506875,63.31296875,3466986.515625,0.68,0.65,0.03,4.6154,USD,1766200000,4875600000,3109400000,1267000000,-1319400000,1672100000,1243200000,2915300000,28800000,-38100000,None,38100000,0,102800000,None,134000000,655500000,154900000,38100000,500600000,-115700000,693600000,827600000,500600000,USD,34648800000,12110500000,3165800000,4809900000,2844500000,3634600000,14495000000,8043300000,8038200000,4750800000,4750800000,None,8484000000,7405500000,1644100000,821500000,2338700000,16979500000,7574600000,1023300000,None,313000000,300000000,9391700000,None,5648200000,None,5292600000,5948200000,2060600000,1642200000,17669300000,91400000,17406900000,696600000,1069600000,USD,1691300000,None,None,None,63900000,342400000,236900000,None,None,500600000,-1649700000,-405900000,302600000,300000000,300000000,None,525000000,525000000,None,None,0,None,-300000000,None,-599900000,-235600000,500600000
74,2014Q4,67.45078125,68.07225,66.8928890625,67.49875,4535951.0,0.66,0.67,-0.01,-1.4925,USD,3467200000,5121300000,1654100000,1253100000,481600000,1799900000,1185700000,2985600000,24200000,-37400000,None,37400000,0,150400000,None,136000000,513600000,85100000,37400000,513600000,-1011700000,551000000,687000000,428500000,USD,36307600000,11928300000,3871600000,4827000000,2740000000,3234600000,16415400000,7963900000,8065400000,4642300000,2884200000,1758100000,4872800000,4568900000,955400000,811500000,1798600000,20934400000,9741000000,1128100000,None,2688700000,2680600000,11178500000,None,5340900000,157600000,5332800000,8021500000,2472600000,2284300000,15373200000,91400000,16482700000,694600000,1065528000,USD,1440900000,None,None,None,-253100000,339400000,1162700000,None,-307100000,513600000,-2178900000,1537100000,2375700000,300000000,300000000,None,525200000,525200000,None,None,0,None,-300000000,None,705800000,-93300000,428500000
75,2015Q1,71.15360655737705,71.78130491803279,70.53924098360655,71.19344262295083,4560419.081967213,0.75,0.73,0.02,2.7397,USD,1666300000,4644700000,2978400000,1192700000,-1158700000,1523500000,1039300000,2562800000,21400000,-40900000,None,40900000,0,112200000,204800000,154200000,617900000,88400000,40900000,529500000,-136200000,658800000,813000000,529500000,USD,35653900000,11742700000,3064800000,4139800000,2980200000,3825700000,15960500000,7950700000,8262600000,8894600000,4947700000,3946900000,4856400000,4576500000,1075000000,797000000,2489400000,20734100000,8342900000,1179600000,None,805400000,590000000,12364500000,None,8053400000,None,7415300000,8643400000,2516800000,1474400000,14919800000,90000000,16706800000,694100000,1064200000,USD,-84800000,20000000,None,None,-107100000,357500000,388600000,None,None,529500000,160800000,-701200000,-2088600000,310600000,310600000,None,527900000,527900000,None,None,2182000000,None,-310600000,None,-806800000,-181600000,529500000
76,2015Q2,76.04539682539682,76.7650888888889,75.47714920634921,76.19650793650794,5077208.285714285,0.87,0.77,0.1,12.987,USD,1899100000,4978700000,3079600000,1218400000,-1131600000,1635400000,1169500000,2804900000,20600000,-36800000,None,36800000,-166700000,59600000,216600000,153400000,679700000,78900000,203500000,600800000,855100000,716500000,869900000,600800000,USD,36036600000,12346000000,3315500000,4230900000,3288400000,4096600000,15668000000,8022600000,8381600000,8867600000,4842900000,4024700000,4200400000,4099100000,915400000,730100000,2701300000,21366300000,8232000000,1153000000,None,10800000,0,13099200000,None,8125000000,None,7988600000,8125000000,2625500000,1454100000,14670300000,90000000,16114900000,693300000,1061700000,USD,948600000,15000000,None,None,-559400000,368500000,359900000,None,None,600800000,182400000,-943200000,-590700000,124900000,124900000,None,539800000,539800000,None,None,2272600000,None,-124900000,None,250700000,62900000,600800000
77,2015Q3,84.56375,85.46048125,83.3937359375,84.42328125,5142236.375,0.9,0.74,0.16,21.6216,USD,1950600000,4959700000,3009100000,1236900000,-965000000,1575700000,1143400000,2719100000,21200000,-39300000,None,39300000,0,104600000,None,154100000,1047800000,248100000,39300000,799700000,535900000,1087100000,1241200000,799700000,USD,36304700000,12567000000,3238800000,4319200000,3417700000,4067700000,15662400000,8075300000,8536200000,8670800000,4615900000,4054900000,4460500000,4102000000,1080400000,762400000,2889600000,21083300000,8303300000,1179300000,None,9300000,0,12760500000,None,8191500000,None,8069600000,8191500000,2099700000,1422100000,15221400000,90000000,16856700000,693000000,1061400000,USD,1104700000,5000000,None,None,-4500000,358300000,323500000,None,None,799700000,-570100000,-595200000,-1400000,61100000,61100000,None,526300000,526300000,None,None,0,None,-61100000,None,-76700000,-16100000,799700000
78,2015Q4,82.93265625,83.83785,82.01375625,82.98546875,4974702.8125,0.89,0.76,0.13,17.1053,USD,3841500000,5375600000,1534100000,1389200000,598900000,1798400000,1444200000,3242600000,23800000,-44200000,None,44200000,0,65100000,None,170100000,444600000,-33800000,44200000,444600000,564700000,488800000,658900000,478400000,USD,35568900000,12573600000,3666400000,4451800000,3445800000,3513000000,14941800000,8053500000,8607400000,9074700000,5034800000,4039900000,3631800000,3646600000,785400000,604400000,2220500000,20997600000,8229600000,1338200000,None,6100000,6100000,12749000000,None,7978500000,6100000,7972400000,7978500000,2460300000,1747400000,14571300000,90000000,16011800000,691300000,1060452000,USD,996100000,1058600000,None,None,2494500000,343400000,554200000,None,-736300000,444600000,253700000,-871400000,100000,252900000,252900000,None,533300000,533300000,None,None,100000,None,-252900000,None,427600000,49200000,478400000
79,2016Q1,75.71196721311476,76.63452786885246,74.73565737704918,75.66622950819672,5539773.606557377,0.78,0.78,0,0,USD,1936800000,4865100000,2928300000,1323000000,-889500000,1473900000,1221000000,2694900000,24200000,-43400000,None,43400000,-203900000,74100000,None,385500000,566800000,126700000,43400000,440100000,756100000,610200000,978600000,440100000,USD,34691800000,11714600000,2307600000,2995000000,3740200000,4187400000,14944100000,8033100000,8750000000,8934900000,4889800000,4045100000,3627800000,3764300000,687400000,792000000,2244900000,19681900000,7340900000,1151600000,None,648300000,648300000,12321500000,None,8559500000,None,7477600000,8559500000,2276600000,1829300000,15009900000,80500000,16155000000,690300000,1059900000,USD,-219100000,150000000,None,None,30600000,385500000,154300000,None,None,440100000,-145400000,-924200000,-1100000,300100000,300100000,None,538300000,538300000,None,None,0,None,-300100000,None,-1358800000,-70100000,440100000
80,2016Q2,75.137890625,75.894596875,74.5118265625,75.28515625,4163634.40625,0.83,0.85,-0.02,-2.3529,USD,2259200000,5404800000,3145600000,1465000000,-757300000,1622600000,1335900000,2958500000,23500000,-43200000,None,43200000,0,40900000,None,373700000,944500000,196800000,43200000,747700000,641200000,987700000,1039300000,747700000,USD,36475300000,12977300000,3238000000,3934800000,3759900000,4493100000,15431900000,8066100000,8861500000,8832800000,4806300000,4026500000,4367900000,4449200000,696800000,789500000,2149900000,21838000000,8401000000,1207800000,None,645800000,645800000,13418100000,None,9331300000,645800000,8685500000,9331300000,2200600000,1907100000,14637300000,80500000,15824100000,690300000,1057700000,USD,1401900000,25000000,None,None,138000000,373700000,245400000,None,None,747700000,-1020900000,579300000,-300000,0,0,None,541200000,541200000,None,None,1206600000,None,0,None,930400000,-29900000,747700000
81,2016Q3,80.0728125,80.539546875,79.501078125,80.04140625,3439080.609375,0.86,0.86,0,0,USD,2179900000,5191700000,3011800000,1400900000,-667400000,1565400000,1236400000,2801800000,29100000,-47200000,None,47200000,0,45300000,None,392800000,970700000,192700000,47200000,778000000,891500000,1017900000,1034500000,778000000,USD,37590300000,13385900000,3489000000,4226800000,3881200000,4521400000,15952500000,8251900000,8985900000,8646200000,4638500000,4007700000,4860500000,5027000000,737800000,756500000,2279300000,22001100000,8272800000,1161200000,None,641500000,641500000,13701700000,None,9348800000,641500000,8707300000,9348800000,2001100000,2111000000,15589200000,80500000,16601600000,690400000,1057700000,USD,1661700000,10000000,None,None,182200000,392800000,227500000,None,None,778000000,-794700000,-600100000,-300000,0,0,None,537900000,537900000,None,None,0,None,0,None,251000000,-15900000,778000000
82,2016Q4,74.55559523809524,75.12627301587302,73.84214444444444,74.4726984126984,6030602.492063492,0.88,0.96,-0.08,-8.3333,USD,4146900000,5760500000,1613600000,1521200000,906200000,1866100000,1517000000,3240700000,31900000,-51400000,None,51400000,0,35300000,None,344600000,892000000,120200000,51400000,892000000,-196300000,943400000,1231400000,771800000,USD,38805900000,15101400000,4582100000,6038600000,3561900000,4029400000,15451900000,8252600000,8525000000,8330600000,4357900000,3972700000,5522900000,5207500000,1456500000,734600000,1913800000,24798200000,10986600000,1349300000,None,1937400000,1299300000,13738800000,None,9005900000,638100000,8367800000,10305200000,2220900000,2228200000,14007700000,80500000,16046300000,688500000,1058096000,USD,2006500000,662000000,None,None,-196600000,344600000,464800000,-709400000,-328200000,771800000,-1178100000,385200000,1294900000,60000000,60000000,None,541100000,541100000,None,None,0,None,-60000000,None,1093100000,-120500000,771800000
83,2017Q1,79.87572580645161,80.60560483870967,79.37871129032257,80.09532258064516,3988680.14516129,0.95,0.98,-0.03,-3.0612,USD,2142000000,5228300000,3086300000,1347900000,-854900000,1567700000,1258300000,2826000000,32600000,-46600000,None,46600000,None,29100000,None,386900000,61200000,172000000,46600000,-110800000,87900000,107800000,2189100000,-110800000,USD,37624300000,12976200000,2616900000,3505600000,4035100000,4613900000,16222600000,8425500000,8711100000,8904700000,4716700000,4188000000,5118500000,5297700000,888700000,821600000,2020200000,23593300000,10448000000,1220100000,None,2609300000,1799700000,13072600000,None,8447100000,809600000,7637500000,10246800000,2232600000,2282200000,14031000000,75800000,15876700000,690000000,1056300000,USD,339900000,15000000,None,None,128800000,386900000,1000800000,None,None,-110800000,-1429600000,-875700000,497500000,0,0,None,547400000,547400000,None,None,0,None,0,None,-1965200000,200000,-110800000
84,2017Q2,81.56285714285714,82.09247936507937,81.04619206349206,81.58380952380952,3735212.111111111,0.98,0.96,0.02,2.0833,USD,2515300000,5824300000,3309000000,1571700000,-493000000,1730400000,1272100000,3002500000,36900000,-53600000,None,53600000,None,12800000,None,395600000,1260500000,252500000,53600000,1008000000,1292800000,1314100000,1364400000,1008000000,USD,40946500000,15746500000,3069900000,5434100000,4346000000,4956100000,16617200000,8582800000,8950200000,8833400000,4542600000,4290800000,7051600000,5723300000,2364200000,1010300000,2060500000,26845700000,11294500000,1257200000,None,2444200000,1425000000,15482300000,None,10887100000,1019200000,9867900000,12312100000,2112100000,2443800000,14100800000,75800000,15590100000,688500000,1055000000,USD,1651100000,5000000,None,None,166300000,395600000,221600000,None,None,1008000000,-2248900000,1059900000,-371800000,199900000,199900000,None,548700000,548700000,None,None,0,None,0,None,453000000,-9100000,1008000000
85,2017Q3,81.96650793650794,82.54005238095237,81.42168412698413,82.01746031746032,3414430.285714286,1.11,1.05,0.06,5.7143,USD,2129900000,5658000000,3528100000,1586300000,-1151500000,1578500000,1340000000,2918500000,45100000,-61900000,None,61900000,None,2900000,None,372900000,591600000,36000000,61900000,555600000,723300000,653500000,1828500000,555600000,USD,43010400000,17428400000,3724300000,6943100000,4406900000,5014500000,16983500000,8598500000,9132200000,8637200000,4271600000,4365600000,8343700000,6148700000,3218800000,1063900000,2197600000,28120100000,12666500000,1200100000,None,3538100000,2526000000,15383300000,None,10938700000,1012100000,9926600000,13464700000,2360100000,2288600000,14890300000,75800000,16145500000,688500000,1053400000,USD,1881100000,10000000,None,None,-446800000,372900000,447700000,None,None,555600000,-1758000000,500700000,1101100000,0,0,None,547700000,547700000,None,None,0,None,0,None,654400000,30600000,555600000
86,2017Q4,85.11619047619047,85.71650793650794,84.54029206349207,85.08619047619048,3172701.3333333335,1.05,1.03,0.02,1.9417,USD,3532700000,6160700000,2628000000,1644900000,279000000,1105800000,1225800000,3290400000,52700000,-62900000,None,62900000,None,66300000,None,411900000,284100000,1941000000,62900000,-1656900000,-1656900000,347000000,2335400000,-1656900000,USD,44981000000,19202100000,6536200000,8034100000,4458300000,4546300000,16952400000,8826500000,9264600000,8399300000,4029200000,4370100000,6174900000,5678800000,1497900000,1447500000,1707900000,33388800000,14535900000,1410700000,None,3706600000,2696800000,18777200000,None,10950300000,1009800000,9940500000,13647100000,2832100000,1546300000,11592200000,75800000,13894100000,687900000,1043692000,USD,1743500000,409200000,None,None,1783600000,411900000,493500000,-357000000,-253900000,-1656900000,1652900000,-542300000,170700000,99900000,99900000,None,548300000,548300000,None,None,0,None,-99900000,None,2811900000,-42200000,-1656900000
87,2018Q1,80.60213114754099,81.38754098360656,79.75196721311475,80.50409836065573,4843452.868852459,1.14,1.07,0.07,6.5421,USD,2550400000,4963800000,3149600000,1164600000,-204800000,1338700000,1107500000,2446200000,45500000,-61200000,None,61200000,0,29200000,None,422800000,1415900000,198500000,61200000,1217400000,1603700000,1477100000,2003300000,1217400000,USD,44355600000,16261500000,3084300000,4789500000,4631300000,5270700000,19135900000,8958200000,9539600000,8332400000,3920000000,4412400000,6047100000,5375100000,1705200000,1570000000,1746800000,29828600000,11547000000,1267400000,None,2304200000,1494300000,18220800000,None,10203400000,809900000,9393500000,11697700000,2346300000,1574100000,14527000000,69300000,16608200000,680800000,1048000000,USD,436500000,15000000,None,None,22700000,422800000,236500000,None,7800000,1217400000,-170300000,-3866500000,-1202500000,1100000000,1100000000,None,587300000,587300000,None,None,0,None,-1100000000,None,-3451900000,148400000,1217400000
88,2018Q2,82.0034375,82.698125,81.4740625,82.13484375,3854115.96875,1.34,1.13,0.21,18.5841,USD,2979300000,5585000000,3375900000,1234300000,-81900000,1485600000,1271000000,2756600000,41200000,-63300000,None,63300000,0,13900000,None,425200000,13400000,273300000,63300000,-259900000,-931100000,76700000,3364600000,-259900000,USD,42359200000,18332700000,6817300000,6909500000,4155500000,5579100000,15255700000,8770800000,9566100000,8105200000,3772100000,4333100000,1047700000,2059600000,92200000,1688600000,1776500000,30804000000,13055200000,1316900000,None,3049100000,2448000000,17683200000,None,9771600000,601100000,9170500000,12219600000,2190500000,1585600000,11555200000,69400000,14247300000,673500000,1030200000,USD,1517500000,10000000,None,None,-157500000,425200000,1858200000,None,7800000,-259900000,3133400000,-831400000,953800000,950700000,950700000,None,579300000,579300000,None,None,0,None,-950700000,None,3733000000,-86500000,-259900000
89,2018Q3,99.6515873015873,100.54341428571428,99.11515873015873,99.97603174603174,3583293.6666666665,1.5,1.3,0.2,15.3846,USD,2862600000,5306900000,3199300000,1152900000,-180600000,1457200000,1280900000,2738100000,32100000,-69400000,-8600000,60800000,0,-35700000,None,415500000,1397000000,247500000,69400000,1149500000,1809700000,1457800000,2009200000,1149500000,USD,44625100000,20685900000,8960000000,9036100000,4118000000,5652600000,15125100000,8814100000,9671700000,7977800000,3619400000,4358400000,985100000,2005800000,76100000,1879200000,2009200000,31548500000,10826700000,1281200000,None,1002200000,399700000,19647500000,None,12277100000,602500000,11674700000,12676800000,2146200000,1547800000,13076600000,69400000,14408700000,667100000,1020400000,USD,2121800000,10000000,None,None,-26800000,415500000,299800000,None,7800000,1149500000,-398100000,432700000,-2048400000,1000000000,1000000000,None,572600000,572600000,None,None,2477700000,None,-1000000000,None,2142700000,-13700000,1149500000
90,2018Q4,111.774126984127,113.00984126984127,110.35880317460317,111.70666666666668,4973251.19047619,1.39,1.35,0.04,2.963,USD,4598900000,5637600000,1839700000,1129900000,1283600000,1693600000,1391800000,3085500000,42500000,-78200000,-21000000,57200000,242100000,-19100000,None,345500000,935200000,-189800000,-163900000,1125100000,1125100000,992400000,2105000000,1125000000,USD,43908400000,20549600000,7320700000,7408900000,3098100000,5246500000,14439300000,7996100000,8666900000,2434600000,1068000000,1366600000,943000000,2005400000,88200000,2146500000,1824900000,34079700000,11888100000,1207100000,294900000,1102200000,498900000,21111200000,None,9799700000,603300000,9196400000,10298600000,2036700000,1357600000,9828700000,69400000,11395900000,661000000,1011284000,USD,1448700000,1290300000,None,None,807000000,345500000,394300000,-996700000,7800000,1125100000,-659000000,-1639700000,99200000,1100000000,1100000000,None,572600000,572600000,None,None,0,None,-1100000000,None,-961800000,-111800000,1125000000
91,2019Q1,121.19590163934426,122.5939344262295,120.19,121.59983606557377,17141152.393442623,1.33,1.34,-0.01,-0.7463,USD,2068400000,5092200000,3023800000,1138700000,-1103100000,1517100000,1230500000,2747600000,30600000,-86500000,104800000,86500000,3680500000,86000000,None,356500000,4411600000,170000000,86500000,561100000,4294300000,4498100000,1766700000,4241600000,USD,38006800000,12597500000,2036400000,2137100000,3055200000,5178000000,22351800000,7780000000,8792100000,10497400000,6641500000,3855900000,935700000,2111400000,100700000,2227200000,1963000000,35526500000,11236100000,1168100000,None,2354900000,2349600000,24205700000,508200000,13615500000,5300000,13610200000,15965100000,2254300000,1169800000,2480300000,62100000,4879400000,607100000,979900000,USD,311300000,10000000,None,None,72400000,356500000,203700000,None,-258700000,4241600000,-7678700000,1367800000,1850400000,3500000000,3500000000,None,637200000,637200000,None,None,4448300000,None,-3500000000,None,-5961800000,37800000,4241600000
92,2019Q2,118.09285714285714,118.84746031746032,116.87507936507937,117.76,4697259.984126984,1.33,1.31,0.02,1.5267,USD,2975300000,5636700000,2661400000,1124900000,-13200000,1586300000,1402200000,2988500000,19400000,-110900000,19400000,110900000,0,9300000,None,247400000,1465900000,138700000,110900000,1327200000,1414200000,1576800000,1548300000,1327200000,USD,38666400000,13454500000,2290200000,2367900000,3181100000,5590000000,25211900000,7847500000,8956300000,10406700000,6586600000,3820100000,698300000,1852700000,77700000,2315500000,2052100000,35885900000,11855400000,1198900000,277600000,2068600000,2058300000,23953700000,503300000,13727900000,10300000,13717600000,15786200000,2189200000,1142800000,2780500000,62100000,4318100000,603700000,920800000,USD,1051500000,82700000,None,None,-61100000,247400000,240300000,None,-258700000,1327200000,61000000,-885800000,-286100000,0,0,None,598000000,598000000,None,None,0,None,0,None,253800000,27100000,1327200000
93,2019Q3,111.38312499999999,112.4475,110.11078125,111.34140625,3645348.9375,1.5,1.45,0.05,3.4483,USD,2941500000,5476600000,2535100000,1175000000,148300000,1412300000,1380900000,2793200000,17300000,-107400000,17300000,107400000,0,13000000,None,288000000,1405800000,151900000,107400000,1253900000,1119900000,1513200000,1586100000,1253900000,USD,37893100000,12661800000,1563800000,89200000,3101300000,5537900000,25231300000,7801500000,9055300000,10461800000,6689300000,3772500000,645600000,1825300000,89200000,2369600000,2194200000,34510600000,10828600000,1114900000,272300000,1563100000,1557800000,23602200000,485200000,13667500000,5300000,13662200000,15225300000,1988400000,1100400000,3382500000,60800000,4981900000,600400000,913900000,USD,1510100000,47200000,None,None,12100000,288000000,263400000,None,-258700000,1253900000,-423800000,-1692900000,-505400000,600000000,600000000,None,587400000,587400000,None,None,0,None,-600000000,None,-726400000,-119800000,1253900000
94,2019Q4,115.7253125,116.8028125,114.88140625,115.91484375,3218877.0625,1.48,1.41,0.07,4.9645,USD,4679700000,6114000000,1434300000,1282600000,1400200000,1698100000,1581400000,3279500000,13200000,-95900000,13200000,95900000,-3933000000,-164900000,None,340700000,1663100000,167400000,348400000,1495700000,1495700000,1759000000,1703600000,1495700000,USD,39286100000,13709600000,2337500000,2438500000,3190700000,4547300000,23311000000,7872900000,9161600000,10297400000,6618000000,3679400000,570600000,1962400000,101000000,2538900000,2871200000,36679200000,11775200000,1405300000,264600000,1499300000,1494200000,24811800000,486700000,13638500000,5100000,13817900000,15317200000,2189400000,1501000000,2606900000,60800000,4920400000,598800000,909636000,USD,1963700000,1499700000,None,None,775200000,340700000,326500000,-127200000,-258700000,1495700000,-41400000,-1113600000,-63500000,300000000,300000000,None,587200000,587200000,None,None,2108100000,None,-300000000,None,773700000,-35000000,1495700000
95,2020Q1,136.7308064516129,139.50370967741935,134.7866129032258,137.39903225806452,4832824.161290322,1.73,1.52,0.21,13.8158,USD,3079800000,5859800000,2780000000,1215100000,78200000,1549600000,1392100000,3001600000,14300000,-92500000,14300000,92500000,0,-63900000,None,273600000,1679900000,223400000,92500000,1456500000,1094200000,1772400000,1815200000,1456500000,USD,41102800000,13994200000,1699000000,1777400000,3102400000,6352500000,27108600000,7897900000,9141500000,11545800000,7766700000,3779100000,517800000,2148700000,78400000,2761900000,3044600000,38024000000,12610200000,1207700000,307800000,3248000000,3243100000,25295400000,None,13987200000,4900000,13982300000,17230300000,2217400000,1873000000,3078800000,55700000,5879400000,598100000,908200000,USD,382400000,15000000,None,None,-11200000,273600000,258300000,None,-533400000,1456500000,-1060900000,106700000,1748700000,500000000,500000000,None,671300000,671300000,None,None,0,None,-500000000,None,-571800000,None,1456500000
96,2020Q2,153.41444444444446,155.6356349206349,151.11825396825398,153.49920634920636,3855219.0793650793,1.75,1.48,0.27,18.2432,USD,2864700000,5499400000,2634700000,1222000000,25900000,1448600000,1390200000,2838800000,7100000,-88300000,7100000,88300000,0,-84600000,None,324400000,1643700000,231700000,88300000,1412000000,1615000000,1732000000,1680400000,1412000000,USD,41967000000,14581900000,2365100000,2387900000,3313900000,5775600000,27385100000,7981100000,9297000000,11435700000,7712500000,3723200000,357600000,2406400000,22800000,3104500000,3080100000,37874100000,11988500000,1247200000,299800000,1263800000,1258800000,25706500000,None,15069400000,5000000,15064400000,16328200000,2060900000,1826800000,4092900000,55700000,6617200000,598100000,907200000,USD,2495400000,0,None,None,104700000,324400000,281800000,None,-533400000,1412000000,-210400000,-1673200000,-1984100000,0,0,None,674200000,674200000,None,None,988600000,None,0,None,3055700000,None,1412000000
97,2020Q3,155.2640625,156.514246875,153.371640625,154.768125,3034014.15625,1.89,1.56,0.33,21.1538,USD,2857700000,5740600000,2882900000,1326400000,-278200000,1569100000,1465400000,3135900000,5800000,-89600000,83800000,89600000,0,-13000000,None,358400000,1437200000,228800000,89600000,1208400000,1336200000,1526800000,1481100000,1208400000,USD,43946000000,16239900000,3595300000,3630300000,3555400000,5844800000,27706100000,8281100000,9600500000,11315000000,7588600000,3726400000,361200000,2476200000,35000000,3209400000,3078500000,39119100000,11976900000,1430100000,289500000,587500000,579900000,26973100000,None,16342200000,7600000,16334600000,16922100000,2245000000,1702600000,4826900000,55700000,7154000000,598100000,907200000,USD,1806600000,5000000,None,None,-159700000,358400000,393100000,None,-533400000,2645600000,-313500000,-279100000,-678900000,0,0,None,671600000,671600000,None,None,1073700000,None,0,None,2645600000,None,1208400000
98,2020Q4,149.24203125,151.162671875,147.4321109375,149.30796875000001,4047347.46875,1.54,1.71,-0.17,-9.9415,USD,3825500000,7440000000,3614500000,1719800000,35500000,1553900000,1728600000,3790000000,5800000,-89200000,83400000,89200000,0,-34000000,None,367500000,2469100000,352300000,89200000,2116800000,2175500000,2558300000,2664500000,2116800000,USD,46633100000,17462100000,3657100000,3681300000,3980300000,5875300000,25784700000,8681900000,9570700000,11216500000,7450000000,3766500000,360300000,2966800000,24200000,2871500000,3475400000,40991500000,12481600000,1606700000,276800000,8700000,246600000,28326300000,None,16348700000,8700000,16586600000,16595300000,2750300000,1707500000,5641600000,55700000,7830200000,598200000,908036000,USD,1815200000,1441300000,None,None,1191200000,367500000,1115100000,None,-533000000,4585900000,-674100000,-1291500000,-579900000,0,0,None,670000000,670000000,None,None,0,None,0,None,-150400000,None,2116800000
99,2021Q1,195.55805737704918,197.95114098360656,193.2520655737705,195.60967213114756,4472181.377049181,2.75,2.35,0.4,17.0213,USD,3212800000,6805600000,3592800000,1878600000,-259600000,1576000000,1672100000,3472400000,5500000,-87800000,5500000,87800000,None,28500000,None,350300000,1476400000,121100000,87800000,1355300000,1456100000,1564200000,2177100000,1355300000,USD,46838300000,16604500000,3002400000,3051400000,3660800000,6658600000,30233800000,8630100000,9643400000,11965200000,8087800000,3877400000,443700000,3232400000,49000000,3233700000,3756200000,39939600000,11714200000,1639600000,346600000,4900000,4900000,28024800000,None,16204500000,4900000,16199600000,16204500000,2806800000,1737300000,6898700000,52700000,9181300000,599700000,908800000,USD,1697400000,15000000,None,None,119100000,350300000,300300000,None,-235900000,1355300000,-1283500000,-1058400000,-3700000,0,0,None,774800000,774800000,None,None,0,None,0,None,-644500000,None,1355300000
100,2021Q2,200.38920634920635,202.9622,198.7466984126984,200.8715873015873,3484229.634920635,1.87,2.13,-0.26,-12.2066,USD,3172300000,6740100000,3567800000,1953200000,-186200000,1685700000,1655000000,3358500000,5400000,-86900000,5400000,86900000,None,-14500000,None,369300000,1593900000,203700000,86900000,1390200000,1498700000,1680800000,1859700000,1390200000,USD,47809000000,17295500000,3220000000,3271200000,3824900000,6902800000,30513500000,8855500000,9842200000,11869600000,7985400000,3884200000,502900000,3474900000,51200000,3296600000,3638600000,41364600000,15093200000,1597800000,270900000,1778500000,200000000,26052300000,None,16315100000,1578500000,14736600000,16515100000,2624900000,1801900000,6444400000,52700000,8530100000,598100000,907300000,USD,1775500000,5000000,None,None,294700000,369300000,381300000,None,-235900000,1390200000,-483300000,-1083200000,200000000,500000000,500000000,None,768300000,768300000,None,None,0,None,0,None,1365200000,None,1390200000
101,2021Q3,246.90109375,249.5764109375,244.46744999999999,246.810625,2588791.4375,1.87,1.89,-0.02,-1.0582,USD,3836700000,6772800000,2936100000,1430800000,549900000,1577900000,1705300000,3286800000,7000000,-83600000,76600000,83600000,-405200000,20100000,None,382300000,1245300000,135200000,488800000,1110100000,1224500000,1328900000,2229200000,1110100000,USD,48187000000,17808300000,3788200000,3825300000,3907400000,7025000000,30378700000,8920400000,9962800000,11771800000,7887700000,3884100000,501600000,3350500000,37100000,3050600000,3710400000,40430000000,13682000000,1566800000,278400000,1563000000,1563000000,26550900000,None,17085400000,1563000000,15522400000,17085400000,2326500000,1748700000,7757000000,52700000,9639400000,598200000,906700000,USD,1631300000,None,None,None,296000000,382300000,336800000,None,-235900000,1110100000,-616500000,-463200000,-197800000,0,0,None,770400000,770400000,None,None,2410800000,None,0,None,936100000,None,1110100000
102,2021Q4,253.26640625,256.372278125,250.338878125,253.50203125,2946412.859375,1.94,1.98,-0.04,-2.0202,USD,3697000000,7999900000,4302900000,2050200000,-587700000,1592000000,1898300000,4284700000,7400000,-81400000,74000000,81400000,0,17300000,None,445700000,1839900000,113800000,81400000,1726100000,3555700000,1921300000,2879400000,1726100000,USD,48806000000,18452400000,3818500000,3908600000,3886000000,6672800000,26355100000,8985100000,9976700000,11583900000,7691900000,3892000000,581000000,3212600000,90100000,2530600000,4082700000,39826800000,15052700000,1670600000,262600000,1538300000,143500000,24598500000,None,16741200000,1538300000,15346400000,16884700000,3027500000,1644300000,8979200000,52700000,8958500000,596300000,904752000,USD,2156500000,None,None,None,-1187000000,445700000,1166300000,None,-235000000,7881600000,-379000000,-1526500000,-2500000,750000000,750000000,None,773300000,773300000,None,None,0,None,-750000000,None,251000000,None,1726100000
103,2022Q1,256.7360967741936,260.1254112903226,254.08797741935484,257.35822580645157,2936844.6612903224,2.49,2.46,0.03,1.2195,USD,4273300000,7810000000,3536700000,2072100000,1105300000,1557900000,1610100000,3168000000,7000000,-84900000,7000000,84900000,None,59300000,None,331200000,2053600000,150700000,84900000,1902900000,2020700000,2138500000,2735500000,1902900000,USD,46919300000,16964700000,2459200000,2568300000,3893000000,7805700000,29954600000,9102700000,10138300000,11374400000,7482400000,3892000000,567100000,2727300000,109100000,2697700000,4285300000,37588500000,13386000000,1433300000,251600000,1355900000,499700000,24071300000,None,16009100000,856200000,15152900000,16508800000,2536700000,1713900000,9330800000,50500000,9369400000,594100000,903700000,USD,2523000000,None,None,None,506600000,435700000,365400000,None,None,1902900000,-1037600000,-2878300000,499700000,1500000000,1500000000,None,885500000,885500000,None,None,0,None,-1500000000,None,-1392900000,None,1902900000
104,2022Q2,299.6396612903226,303.97149193548387,295.67938548387093,300.1693548387097,3095928.935483871,2.77,2.32,0.45,19.3966,USD,3526700000,6488000000,2961300000,1430500000,119700000,1625100000,1781900000,3407000000,10200000,-81200000,10200000,81200000,None,-23600000,None,348900000,1090900000,138400000,81200000,952500000,890100000,1172100000,2080300000,952500000,USD,47063600000,17115200000,2622900000,2736700000,3899400000,7672400000,29948400000,9128200000,10119700000,11389500000,7497700000,3891800000,553400000,2587200000,113800000,2806700000,4471600000,38518900000,15620600000,1659300000,242100000,2121800000,2117100000,22783800000,None,14696700000,4700000,14692000000,16813800000,2003500000,1783100000,8544700000,50500000,8556000000,594100000,900300000,USD,1183300000,None,None,None,618400000,348900000,371000000,None,None,952500000,-826500000,-123700000,1617500000,0,0,None,883700000,883700000,None,None,0,None,0,None,233100000,None,952500000
105,2022Q3,316.96828125,320.434771875,313.1459421875,316.8346875,2714915.71875,1.25,1.69,-0.44,-26.0355,USD,3634200000,6941600000,3307400000,1579100000,10600000,1614200000,1802900000,3623600000,20100000,-81500000,20100000,81500000,0,-18700000,None,362900000,1565500000,113800000,81500000,1451700000,1443600000,1647000000,2402100000,1451700000,USD,47461500000,17639900000,2617400000,2742100000,3831100000,8324800000,29821600000,9311300000,10074000000,11015700000,7124100000,3891600000,622200000,2574600000,124700000,2741900000,4535700000,37391400000,15652800000,1683200000,232500000,1744600000,1741300000,21642800000,None,14147100000,3300000,14143800000,15888400000,1986900000,1852900000,10070100000,50500000,10006500000,594100000,900700000,USD,2216700000,None,None,None,1070600000,362900000,617200000,None,-599700000,1451700000,-955300000,-1263300000,-375900000,0,0,None,882200000,882200000,None,None,0,None,0,None,-1900000,None,1451700000
106,2022Q4,353.8485714285714,358.3471031746032,349.6285380952381,354.5571428571428,2834852.6666666665,1.98,1.92,0.06,3.125,USD,3585600000,7301800000,3716200000,1548100000,-671300000,1643200000,1995900000,4256900000,25500000,-84000000,58500000,84000000,0,-31300000,None,556400000,2096400000,158700000,84000000,1937700000,2388900000,2180400000,2392800000,1937700000,USD,49489800000,18034500000,2067000000,2211800000,4309700000,6896000000,27195500000,10144000000,10233400000,11279600000,7206600000,4073000000,646300000,2901800000,144800000,7300000,4337000000,38840000000,17138200000,1930600000,219200000,1501100000,1498000000,21576200000,None,14815300000,3100000,14737500000,16238600000,2845400000,1824000000,10649800000,50500000,10042600000,594100000,901544000,USD,1161400000,None,None,None,1382800000,375000000,500700000,-299600000,-599700000,1937700000,-442200000,-1141400000,-243300000,0,0,None,884400000,884400000,None,None,0,None,0,None,-422200000,None,1937700000
107,2023Q1,337.30870967741936,340.9787741935484,333.55760483870966,337.25903225806456,3185691.6774193547,2.09,1.78,0.31,17.4157,USD,3699900000,6960000000,3260100000,1626700000,-34400000,1749200000,1985100000,3734300000,34200000,-102800000,68600000,102800000,None,2200000,None,210000000,1529700000,184800000,102800000,1344900000,1412200000,1632500000,1704000000,1344900000,USD,53163000000,20811400000,3545900000,3669300000,4544800000,9022100000,32351600000,10546200000,10486000000,11160200000,7087100000,4073100000,1481800000,2750400000,123400000,3575200000,4488100000,41972600000,16010000000,2015900000,220300000,3100000,3100000,25858100000,None,18883600000,3100000,18880500000,18883600000,2193500000,1822500000,11190400000,45000000,10639300000,593500000,901000000,USD,1730600000,None,None,None,559400000,362300000,668500000,None,None,1344900000,-688800000,412300000,-1498000000,750000000,750000000,None,1017200000,1017200000,None,None,3958500000,None,-750000000,None,1454100000,None,1344900000
108,2023Q2,418.66572580645163,423.3570338709677,414.52367258064515,419.37,3031655.8387096776,1.62,1.73,-0.11,-6.3584,USD,4694900000,8312100000,3617200000,1807400000,413000000,1925400000,2356500000,4281900000,46000000,-120300000,46000000,120300000,None,-13200000,None,366300000,2088900000,325700000,120300000,1763200000,1751800000,2209200000,2319900000,1763200000,USD,54814000000,21331600000,2694500000,2829100000,4798700000,9171400000,33482400000,11277400000,10631600000,10982400000,6903500000,4078900000,1552000000,2745100000,134600000,4532400000,4671600000,43750200000,18915000000,2474200000,211100000,661600000,661600000,24749700000,None,18820000000,661600000,18158400000,18820000000,2271600000,1951800000,11063800000,45000000,10368500000,593600000,899700000,USD,631900000,None,None,None,431100000,366300000,738200000,None,None,1763200000,-459100000,-1033400000,0,0,0,None,1017800000,1017800000,None,None,0,None,0,None,-860600000,None,1763200000
109,2023Q3,514.9848412698414,520.1490777777778,510.1435317460317,515.2939682539683,2793774.746031746,2.11,1.98,0.13,6.5657,USD,5950100000,9498600000,3548500000,1860100000,-1242900000,1803900000,5389100000,7193000000,48900000,-124600000,138600000,124600000,None,-100000,None,5950200000,427200000,484600000,124600000,-57400000,-53600000,551800000,6400600000,-57400000,USD,57915500000,23007000000,2380800000,2493900000,4901400000,10363800000,34908500000,11863200000,10767800000,10866900000,6781700000,4085200000,1545500000,2691700000,113100000,5247900000,4911900000,46695100000,21998200000,2435100000,200700000,2244700000,2244700000,24609900000,None,18573400000,2244700000,17923600000,18573400000,2585400000,1906100000,11220400000,45000000,10309900000,593600000,899800000,USD,2189500000,None,None,None,844300000,411000000,970300000,None,None,-57400000,-3080500000,572000000,1595000000,0,0,None,1016200000,1016200000,None,None,0,None,0,None,None,None,-57400000
110,2023Q4,584.1326984126985,591.0915793650794,575.767580952381,583.7014285714287,3243744.365079365,0.1,-0.13,0.23,176.9231,USD,5182500000,9353400000,4170900000,1788000000,-472900000,1924600000,3182500000,5655400000,44500000,-138200000,44500000,138200000,None,-21600000,None,387700000,2508800000,319100000,138200000,2189700000,1647600000,2647000000,3603700000,2189700000,USD,64006300000,25727000000,2818600000,2927700000,5772800000,11336200000,38369800000,12913600000,11099300000,11846300000,6906600000,4939700000,657200000,3052200000,109100000,149500000,4989900000,53234400000,27293200000,2598800000,193600000,6904500000,6189400000,25849400000,None,19104600000,715100000,18320800000,25225300000,3281300000,2240600000,10771900000,44200000,10312300000,593600000,900124000,USD,-311900000,None,None,None,5384600000,387700000,1070600000,None,None,2189700000,-2924300000,3544700000,4594400000,0,0,None,1018100000,1018100000,None,None,0,None,0,None,None,None,2189700000
