,Quarter,1. open,2. high,3. low,4. close,5. volume,reportedEPS,estimatedEPS,surprise,surprisePercentage,reportedCurrency_x,grossProfit,totalRevenue,costOfRevenue,costofGoodsAndServicesSold,operatingIncome,sellingGeneralAndAdministrative,researchAndDevelopment,operatingExpenses,investmentIncomeNet,netInterestIncome,interestIncome,interestExpense,nonInterestIncome,otherNonOperatingIncome,depreciation,depreciationAndAmortization,incomeBeforeTax,incomeTaxExpense,interestAndDebtExpense,netIncomeFromContinuingOperations,comprehensiveIncomeNetOfTax,ebit,ebitda,netIncome_x,reportedCurrency_y,totalAssets,totalCurrentAssets,cashAndCashEquivalentsAtCarryingValue,cashAndShortTermInvestments,inventory,currentNetReceivables,totalNonCurrentAssets,propertyPlantEquipment,accumulatedDepreciationAmortizationPPE,intangibleAssets,intangibleAssetsExcludingGoodwill,goodwill,investments,longTermInvestments,shortTermInvestments,otherCurrentAssets,otherNonCurrentAssets,totalLiabilities,totalCurrentLiabilities,currentAccountsPayable,deferredRevenue,currentDebt,shortTermDebt,totalNonCurrentLiabilities,capitalLeaseObligations,longTermDebt,currentLongTermDebt,longTermDebtNoncurrent,shortLongTermDebtTotal,otherCurrentLiabilities,otherNonCurrentLiabilities,totalShareholderEquity,treasuryStock,retainedEarnings,commonStock,commonStockSharesOutstanding,reportedCurrency,operatingCashflow,paymentsForOperatingActivities,proceedsFromOperatingActivities,changeInOperatingLiabilities,changeInOperatingAssets,depreciationDepletionAndAmortization,capitalExpenditures,changeInReceivables,changeInInventory,profitLoss,cashflowFromInvestment,cashflowFromFinancing,proceedsFromRepaymentsOfShortTermDebt,paymentsForRepurchaseOfCommonStock,paymentsForRepurchaseOfEquity,paymentsForRepurchaseOfPreferredStock,dividendPayout,dividendPayoutCommonStock,dividendPayoutPreferredStock,proceedsFromIssuanceOfCommonStock,proceedsFromIssuanceOfLongTermDebtAndCapitalSecuritiesNet,proceedsFromIssuanceOfPreferredStock,proceedsFromRepurchaseOfEquity,proceedsFromSaleOfTreasuryStock,changeInCashAndCashEquivalents,changeInExchangeRate,netIncome_y
54,2009Q3,21.141875,21.484375,20.868915625,21.1984375,13604221.875,0.53,0.54,-0.01,-1.8519,USD,4823000000,13768000000,12552000000,9021000000,1216000000,3123000000,None,3607000000,5000000,-76000000,None,76000000,None,None,408000000,436000000,1216000000,457000000,76000000,759000000,759000000,1292000000,1728000000,759000000,USD,34122000000,10033000000,1087000000,1511000000,8189000000,None,24089000000,22727000000,9300000000,None,None,None,None,900000000,424000000,216000000,462000000,14946000000,8459000000,4970000000,None,561000000,9000000,6062000000,None,4515000000,552000000,4515000000,5076000000,1672000000,1468000000,19176000000,None,18025000000,738000000,1477000000,USD,1371000000,None,None,None,None,408000000,450000000,None,-833000000,759000000,-880000000,-99000000,None,0,None,None,133000000,133000000,None,None,None,None,None,None,405000000,13000000,759000000
55,2009Q4,21.763125,22.032109375,21.528828125,21.77765625,14484223.4375,0.24,0.24,0,0,USD,3890000000,11298000000,10770000000,7485000000,528000000,2882000000,None,3362000000,4000000,-77000000,None,77000000,None,None,403000000,433000000,528000000,184000000,77000000,344000000,344000000,605000000,1038000000,344000000,USD,34348000000,10431000000,1141000000,1650000000,8424000000,None,23917000000,22557000000,9700000000,None,None,None,None,864000000,509000000,213000000,496000000,14929000000,8489000000,5046000000,None,553000000,0,6013000000,None,4524000000,553000000,4524000000,5077000000,1613000000,1421000000,19419000000,None,18236000000,739000000,1477000000,USD,651000000,129000000,None,75000000,259000000,403000000,392000000,None,235000000,344000000,-458000000,-144000000,None,4000000,4000000,None,132000000,132000000,None,None,None,None,11000000,None,54000000,5000000,344000000
56,2010Q1,23.337049180327867,23.561311475409838,23.108827868852458,23.342459016393445,13020621.31147541,0.14,0.12,0.02,16.6667,USD,3554000000,10112000000,9819000000,6614000000,321000000,2775000000,None,3233000000,4000000,-56000000,None,56000000,None,None,402000000,430000000,321000000,116000000,56000000,205000000,2021000000,377000000,807000000,205000000,USD,33005000000,9732000000,632000000,1057000000,8249000000,None,23273000000,22499000000,9769000000,None,None,None,None,277000000,425000000,218000000,497000000,13936000000,7355000000,4287000000,None,552000000,0,6581000000,None,5080000000,552000000,None,5080000000,1256000000,906000000,19069000000,None,18307000000,729000000,1459000000,USD,-313000000,30000000,None,-1230000000,-186000000,402000000,385000000,None,-175000000,205000000,240000000,-439000000,None,500000000,500000000,None,0,0,None,None,None,None,-431000000,None,-509000000,3000000,205000000
57,2010Q2,24.913095238095238,25.20370634920635,24.51033174603175,24.85920634920635,16043233.333333334,0.34,0.31,0.03,9.6774,USD,4358000000,12306000000,11547000000,8030000000,786000000,3093000000,None,3572000000,2000000,-82000000,None,82000000,None,None,397000000,424000000,786000000,297000000,82000000,489000000,489000000,868000000,1292000000,489000000,USD,37414000000,13695000000,2677000000,3352000000,9899000000,None,23719000000,22379000000,10200000000,None,None,None,None,832000000,675000000,242000000,508000000,18395000000,10881000000,7062000000,None,536000000,536000000,7514000000,None,5531000000,536000000,None,6067000000,1788000000,886000000,19019000000,None,18246000000,722000000,1443000000,USD,2736000000,130000000,None,3557000000,1679000000,397000000,283000000,None,1644000000,489000000,-1084000000,391000000,0,465000000,465000000,None,131000000,131000000,None,None,992000000,None,-445000000,None,2045000000,2000000,489000000
58,2010Q3,20.88859375,21.1619484375,20.601484375,20.88921875,13453195.3125,0.58,0.59,-0.01,-1.6949,USD,5006000000,14277000000,12942000000,9355000000,1335000000,3189000000,None,3671000000,3000000,-84000000,None,84000000,None,None,398000000,424000000,1335000000,503000000,84000000,832000000,1658000000,1419000000,1843000000,832000000,USD,34633000000,11121000000,1191000000,2007000000,8653000000,None,23656000000,22274000000,10500000000,None,None,None,None,730000000,816000000,256000000,508000000,15420000000,7993000000,4888000000,None,37000000,0,7427000000,None,5533000000,37000000,None,5570000000,1761000000,830000000,19213000000,None,18454000000,711000000,1423000000,USD,46000000,28000000,None,-2431000000,-1238000000,398000000,329000000,None,-1244000000,832000000,-384000000,-1147000000,None,550000000,550000000,None,130000000,130000000,None,None,None,None,-508000000,None,-1486000000,-1000000,832000000
59,2010Q4,22.99578125,23.281015625,22.80025,23.063125,13317953.125,0.31,0.3,0.01,3.3333,USD,4061000000,11507000000,10856000000,7526000000,651000000,2931000000,None,3410000000,3000000,-80000000,None,80000000,None,None,399000000,424000000,651000000,247000000,80000000,404000000,814000000,731000000,1155000000,404000000,USD,34341000000,10701000000,1078000000,1737000000,8543000000,None,23720000000,22180000000,10900000000,None,None,None,None,865000000,659000000,219000000,595000000,15449000000,8008000000,4959000000,None,36000000,36000000,7441000000,None,5539000000,36000000,None,5575000000,1533000000,825000000,18892000000,None,18144000000,697000000,1394000000,USD,1051000000,156000000,None,14000000,-128000000,399000000,400000000,None,-112000000,404000000,-400000000,-765000000,None,601000000,601000000,None,157000000,157000000,None,None,None,None,-600000000,None,-113000000,1000000,404000000
60,2011Q1,25.562741935483874,25.867329032258066,25.289516129032258,25.590645161290322,12948232.258064516,0.21,0.18,0.03,16.6667,USD,3726000000,10394000000,10029000000,6754000000,456000000,2792000000,None,3270000000,4000000,-86000000,None,86000000,None,None,392000000,412000000,456000000,171000000,86000000,284000000,578000000,542000000,954000000,285000000,USD,33699000000,9967000000,652000000,1123000000,8321000000,None,23992000000,22089000000,11256000000,None,None,None,None,1008000000,471000000,330000000,635000000,15587000000,7119000000,4351000000,None,36000000,36000000,7837000000,None,6573000000,36000000,None,6573000000,1358000000,833000000,18112000000,None,17371000000,677000000,1354000000,USD,19000000,5000000,None,-861000000,-107000000,392000000,317000000,None,-224000000,285000000,-316000000,-130000000,None,1002000000,1002000000,None,153000000,153000000,None,None,None,None,-961000000,None,-426000000,1000000,285000000
61,2011Q2,24.93452380952381,25.183273015873016,24.70452380952381,24.911269841269842,13711848.222222222,0.34,0.36,-0.02,-5.5556,USD,4319000000,12100000000,11383000000,7866000000,740000000,3120000000,None,3579000000,3000000,-85000000,None,85000000,None,None,371000000,397000000,740000000,279000000,85000000,459000000,493000000,825000000,1222000000,461000000,USD,35884000000,11973000000,1496000000,1841000000,9661000000,None,24172000000,22060000000,11600000000,None,None,None,None,1209000000,345000000,239000000,642000000,18425000000,9921000000,6694000000,None,38000000,38000000,7854000000,None,6818000000,38000000,6780000000,6214000000,1662000000,818000000,17459000000,None,16715000000,659000000,1318000000,USD,2423000000,171000000,None,2792000000,1223000000,371000000,313000000,None,1329000000,461000000,-411000000,-1171000000,None,1031000000,1031000000,None,149000000,149000000,None,None,None,None,-1016000000,None,844000000,3000000,461000000
62,2011Q3,20.751875000000002,21.030625,20.459690625,20.73,16666634.375,0.68,0.66,0.02,3.0303,USD,5016000000,14459000000,13124000000,9527000000,1329000000,3232000000,None,3687000000,3000000,-84000000,None,84000000,None,None,365000000,389000000,1329000000,499000000,84000000,830000000,827000000,1413000000,1802000000,830000000,USD,34045000000,10168000000,568000000,908000000,8825000000,None,24133000000,22195000000,11900000000,None,None,None,None,857000000,340000000,213000000,825000000,17266000000,8677000000,5378000000,None,39000000,39000000,7916000000,None,7000000000,39000000,6961000000,6215000000,1934000000,856000000,16779000000,None,16060000000,630000000,1260000000,USD,870000000,8000000,None,-1316000000,-853000000,365000000,467000000,None,-834000000,830000000,-283000000,-1516000000,None,1402000000,1402000000,None,145000000,145000000,None,None,None,None,-1362000000,None,-928000000,1000000,830000000
63,2011Q4,22.800792063492064,23.154047619047617,22.541666666666668,22.863174603174603,16150215.936507937,0.35,0.33,0.02,6.0606,USD,4037000000,11768000000,11409000000,7815000000,352000000,3233000000,None,3685000000,3000000,-84000000,None,84000000,None,None,361000000,385000000,352000000,127000000,84000000,225000000,189000000,436000000,821000000,225000000,USD,33866000000,10423000000,675000000,969000000,8990000000,None,23716000000,21888000000,12200000000,None,None,None,None,705000000,294000000,227000000,850000000,17057000000,9156000000,5242000000,None,590000000,590000000,7214000000,None,7642000000,590000000,7052000000,6215000000,1913000000,867000000,16809000000,None,16109000000,630000000,1260000000,USD,599000000,174000000,None,-17000000,173000000,361000000,484000000,None,174000000,225000000,-289000000,-199000000,None,1000000,1000000,None,176000000,176000000,None,None,None,None,-1000000,None,107000000,-4000000,225000000
64,2012Q1,27.973064516129032,28.25565,27.74467741935484,28.05508064516129,15365058.064516129,0.29,0.24,0.05,20.8333,USD,3979000000,11526000000,11166000000,7650000000,485000000,3010000000,None,3494000000,2000000,-103000000,None,103000000,None,None,382000000,408000000,485000000,163000000,103000000,317000000,2161000000,588000000,996000000,322000000,USD,33559000000,10072000000,1014000000,1300000000,8355000000,None,23749000000,21970000000,12362000000,None,None,None,None,504000000,286000000,234000000,1013000000,17026000000,7891000000,4352000000,None,592000000,592000000,8431000000,None,7627000000,592000000,8274000000,7209000000,1533000000,865000000,16533000000,None,15852000000,621000000,1241000000,USD,457000000,8000000,None,-1249000000,-635000000,382000000,565000000,None,-636000000,322000000,-454000000,337000000,0,503000000,503000000,None,177000000,177000000,None,None,None,None,-458000000,None,339000000,-1000000,322000000
65,2012Q2,29.21079365079365,29.56436666666667,28.90211111111111,29.239047619047618,15050898.412698412,0.44,0.42,0.02,4.7619,USD,4564000000,13052000000,12226000000,8589000000,850000000,3241000000,None,3714000000,2000000,-101000000,None,101000000,None,None,370000000,396000000,850000000,323000000,101000000,512000000,1060000000,951000000,1347000000,527000000,USD,37208000000,13628000000,3072000000,3233000000,9786000000,None,23872000000,21821000000,12700000000,None,None,None,None,710000000,161000000,330000000,1049000000,22005000000,10996000000,6977000000,None,593000000,593000000,10293000000,None,10957000000,593000000,10364000000,9194000000,2053000000,863000000,15203000000,None,14557000000,594000000,1187000000,USD,2467000000,177000000,None,3212000000,1497000000,370000000,337000000,None,1432000000,527000000,-470000000,60000000,None,1789000000,1789000000,None,174000000,174000000,None,None,None,None,-1736000000,None,2058000000,1000000,527000000
66,2012Q3,27.405079365079366,27.773492063492064,27.14666666666667,27.476904761904763,14035963.492063493,0.65,0.7,-0.05,-7.1429,USD,4834000000,14136000000,12956000000,9415000000,1197000000,3172000000,None,3637000000,3000000,-113000000,None,113000000,None,None,369000000,393000000,1197000000,450000000,113000000,747000000,1489000000,1310000000,1703000000,747000000,USD,35032000000,11599000000,1710000000,2296000000,8699000000,None,23746000000,21734000000,13000000000,None,None,None,None,485000000,586000000,325000000,1214000000,20208000000,9022000000,5084000000,None,594000000,594000000,10460000000,None,11368000000,594000000,10774000000,9602000000,1936000000,872000000,14824000000,None,14199000000,576000000,1152000000,USD,329000000,30000000,None,-2036000000,-993000000,369000000,285000000,None,-1087000000,747000000,-562000000,-1126000000,None,1004000000,1004000000,None,166000000,166000000,None,None,None,None,-967000000,None,-1362000000,-3000000,747000000
67,2012Q4,33.402419354838706,33.7678064516129,33.09534193548387,33.43655967741935,11485088.709677419,0.4,0.35,0.05,14.2857,USD,4143000000,11964000000,11338000000,7930000000,635000000,3023000000,None,3508000000,3000000,-109000000,None,109000000,None,None,371000000,396000000,635000000,239000000,109000000,396000000,798000000,744000000,1140000000,396000000,USD,33953000000,10830000000,1091000000,1300000000,8995000000,None,23403000000,21591000000,13300000000,None,None,None,None,350000000,209000000,300000000,1182000000,19728000000,8614000000,5416000000,None,45000000,45000000,10394000000,None,10228000000,45000000,10183000000,9049000000,1784000000,904000000,14225000000,None,13602000000,561000000,1123000000,USD,712000000,5000000,None,198000000,286000000,371000000,325000000,None,295000000,396000000,249000000,-1584000000,None,850000000,850000000,None,184000000,184000000,None,None,None,None,-838000000,None,-619000000,4000000,396000000
68,2013Q1,37.843333333333334,38.21820833333334,37.52733333333333,37.867666666666665,9064981.666666666,0.26,0.23,0.03,13.0435,USD,3785000000,10940000000,10513000000,7261000000,455000000,2808000000,None,3330000000,2000000,-106000000,None,106000000,None,None,412000000,438000000,455000000,166000000,106000000,279000000,-1382000000,561000000,999000000,289000000,USD,32666000000,9784000000,541000000,666000000,8600000000,None,23145000000,21477000000,13189000000,None,None,None,None,271000000,125000000,301000000,1134000000,18809000000,7708000000,4657000000,None,47000000,0,10386000000,None,9929000000,47000000,9882000000,8646000000,1510000000,901000000,13857000000,None,13224000000,555000000,1110000000,USD,254000000,38000000,None,-954000000,-488000000,412000000,264000000,None,-396000000,289000000,-120000000,-683000000,0,750000000,750000000,None,180000000,180000000,None,None,None,None,-503000000,None,-550000000,-1000000,289000000
69,2013Q2,40.222890625,40.6507953125,39.8616953125,40.2484375,8251071.984375,0.49,0.51,-0.02,-3.9216,USD,4555000000,12983000000,12131000000,8533000000,868000000,3222000000,None,3687000000,1000000,-105000000,None,105000000,None,None,352000000,376000000,868000000,328000000,105000000,525000000,1080000000,973000000,1349000000,540000000,USD,34731000000,12014000000,1081000000,1199000000,10274000000,None,22982000000,21257000000,13400000000,None,None,None,None,272000000,118000000,313000000,1188000000,21479000000,10439000000,7041000000,None,47000000,0,10323000000,None,10158000000,47000000,10111000000,8646000000,1876000000,857000000,13252000000,None,12618000000,544000000,1088000000,USD,1992000000,193000000,None,2743000000,1679000000,352000000,196000000,None,1674000000,540000000,-263000000,-1190000000,0,1046000000,1046000000,None,178000000,178000000,None,None,None,None,-1006000000,None,540000000,1000000,540000000
70,2013Q3,45.35375,45.78421875,45.00265,45.38578125,6941150.0,0.88,0.79,0.09,11.3924,USD,5397000000,15607000000,14095000000,10314000000,1506000000,3414000000,None,3891000000,1000000,-104000000,None,104000000,None,None,367000000,391000000,1506000000,565000000,104000000,941000000,915000000,1610000000,2001000000,941000000,USD,33408000000,10913000000,1085000000,1274000000,9106000000,None,22725000000,20969000000,13800000000,None,None,None,None,306000000,189000000,309000000,1220000000,20346000000,9340000000,5664000000,None,47000000,0,10273000000,None,9526000000,47000000,9479000000,8647000000,1993000000,868000000,13062000000,None,12504000000,532000000,1063000000,USD,1364000000,33000000,None,-1150000000,-1166000000,367000000,180000000,None,-1157000000,941000000,-255000000,-1103000000,0,981000000,981000000,None,174000000,174000000,None,None,None,None,-921000000,None,4000000,-2000000,941000000
71,2013Q4,48.5446875,49.0113578125,48.171875,48.58953125,7128954.6875,0.47,0.48,-0.01,-2.0833,USD,4481000000,12846000000,12033000000,8476000000,799000000,3184000000,None,3682000000,1000000,-111000000,None,111000000,None,None,373000000,400000000,799000000,300000000,111000000,499000000,495000000,910000000,1310000000,499000000,USD,34077000000,11365000000,1101000000,1216000000,9593000000,None,22956000000,20973000000,14000000000,None,None,None,None,439000000,115000000,336000000,1300000000,21426000000,9403000000,5776000000,None,51000000,0,11293000000,None,10558000000,51000000,10507000000,9633000000,1927000000,881000000,12651000000,None,12103000000,525000000,1050000000,USD,503000000,194000000,None,-39000000,345000000,373000000,234000000,None,330000000,499000000,-505000000,20000000,0,770000000,770000000,None,191000000,191000000,None,None,0,None,-753000000,None,16000000,-2000000,499000000
72,2014Q1,48.26196721311475,48.656559016393444,47.85065573770492,48.25573770491803,6568040.983606557,0.31,0.31,0,0,USD,4042000000,11540000000,11069000000,7618000000,499000000,3045000000,None,3543000000,1000000,-120000000,None,120000000,None,None,370000000,395000000,499000000,193000000,120000000,254000000,266000000,619000000,1014000000,306000000,USD,32732000000,10296000000,391000000,576000000,9127000000,None,22704000000,20834000000,14240000000,None,None,155000000,None,279000000,185000000,341000000,1323000000,20879000000,8876000000,5008000000,None,435000000,386000000,11273000000,None,10698000000,49000000,10649000000,10020000000,1756000000,896000000,11853000000,None,11355000000,515000000,1030000000,USD,252000000,66000000,None,-944000000,-457000000,370000000,330000000,None,-451000000,306000000,-263000000,-696000000,386000000,913000000,913000000,None,190000000,190000000,None,None,0,None,-865000000,None,-710000000,-3000000,306000000
73,2014Q2,46.637142857142855,47.033498412698414,46.22380952380952,46.632380952380956,5713957.142857143,0.58,0.6,-0.02,-3.3333,USD,4758000000,13287000000,12362000000,8645000000,942000000,3319000000,None,3816000000,1000000,-116000000,None,116000000,None,None,373000000,398000000,942000000,318000000,116000000,624000000,632000000,1058000000,1456000000,624000000,USD,34229000000,11952000000,658000000,768000000,10515000000,None,22605000000,20617000000,14600000000,None,None,None,None,360000000,110000000,386000000,1300000000,22747000000,10814000000,7051000000,None,47000000,0,11203000000,None,9634000000,47000000,None,9634000000,2160000000,862000000,11482000000,None,10985000000,506000000,1012000000,USD,3616000000,215000000,None,2310000000,1340000000,373000000,194000000,None,1384000000,624000000,-280000000,-1447000000,-386000000,910000000,910000000,None,186000000,186000000,None,None,None,None,-886000000,None,267000000,0,624000000
74,2014Q3,50.4378125,50.82600625,50.1587515625,50.530625,4866243.125,1.04,1.02,0.02,1.9608,USD,5735000000,16483000000,14780000000,10864000000,1693000000,3541000000,None,4042000000,1000000,-116000000,None,116000000,None,None,375000000,400000000,1693000000,654000000,116000000,1039000000,1043000000,1809000000,2209000000,1039000000,USD,33137000000,11075000000,1039000000,1129000000,9315000000,None,22362000000,20368000000,14900000000,None,None,None,None,382000000,90000000,355000000,1312000000,21897000000,10013000000,6191000000,None,54000000,0,11141000000,None,9635000000,54000000,None,9635000000,2094000000,891000000,11240000000,None,10749000000,496000000,991000000,USD,1039000000,33000000,None,-732000000,-1248000000,375000000,190000000,None,-1202000000,1039000000,-245000000,-1304000000,0,1141000000,1141000000,None,183000000,183000000,None,None,None,None,-1097000000,None,381000000,1000000,1039000000
75,2014Q4,59.7025,60.2815765625,59.357959375,59.87078125,5430959.171875,0.59,0.58,0.01,1.7241,USD,4718000000,13556000000,12593000000,8963000000,954000000,3255000000,None,3764000000,1000000,-125000000,None,125000000,None,None,375000000,401000000,954000000,369000000,125000000,585000000,562000000,1079000000,1480000000,585000000,USD,34032000000,12130000000,1562000000,1773000000,9762000000,None,22174000000,20180000000,15200000000,None,None,None,None,395000000,211000000,334000000,1327000000,23302000000,10804000000,6459000000,None,551000000,0,11762000000,None,10875000000,551000000,None,10875000000,2089000000,864000000,10730000000,None,10271000000,487000000,974000000,USD,585000000,221000000,None,241000000,444000000,375000000,203000000,None,459000000,585000000,-362000000,127000000,0,899000000,899000000,None,228000000,228000000,None,None,0,None,-877000000,None,523000000,-3000000,585000000
76,2015Q1,71.6572131147541,72.31550491803279,71.01595081967213,71.69147540983607,5082392.262295082,0.46,0.43,0.03,6.9767,USD,4347000000,12417000000,11789000000,8194000000,1203000000,3157000000,None,3660000000,4000000,-124000000,None,124000000,None,None,362000000,295000000,687000000,237000000,124000000,450000000,375000000,811000000,1106000000,450000000,USD,31721000000,9851000000,466000000,591000000,8911000000,None,22052000000,20034000000,15409000000,154000000,None,154000000,None,354000000,125000000,349000000,1349000000,21753000000,9348000000,5124000000,None,552000000,0,11781000000,None,21786000000,552000000,None,21786000000,1920000000,869000000,9968000000,None,9591000000,480000000,960000000,USD,0,50000000,None,-1504000000,-789000000,463000000,293000000,None,-811000000,450000000,-201000000,-1137000000,0,955000000,955000000,None,225000000,225000000,None,None,0,None,-908000000,None,-1096000000,-3000000,450000000
77,2015Q2,71.38809523809523,71.98378412698413,70.84263492063492,71.30714285714286,5056799.476190476,0.7,0.74,-0.04,-5.4054,USD,5012000000,14006000000,12923000000,9117000000,1098000000,3415000000,None,3914000000,0,-123000000,None,123000000,None,None,365000000,391000000,1098000000,425000000,123000000,673000000,695000000,1221000000,1612000000,673000000,USD,34315000000,12536000000,1434000000,1529000000,10614000000,None,21930000000,19892000000,15800000000,None,None,None,None,384000000,95000000,393000000,1343000000,24838000000,12970000000,8023000000,None,1026000000,0,11141000000,None,10868000000,1026000000,None,10868000000,2213000000,817000000,9477000000,None,9085000000,473000000,947000000,USD,4579000000,233000000,None,3134000000,1735000000,365000000,232000000,None,1687000000,673000000,-241000000,-1270000000,0,1109000000,1109000000,None,222000000,222000000,None,None,0,None,-1088000000,None,968000000,1000000,673000000
78,2015Q3,68.73703125,69.380815625,68.0539703125,68.7675,5401233.125,1.2,1.24,-0.04,-3.2258,USD,5981000000,17224000000,15376000000,11367000000,1839000000,3634000000,None,4142000000,2000000,-124000000,None,124000000,None,None,375000000,400000000,1839000000,713000000,124000000,1126000000,897000000,1963000000,2363000000,1126000000,USD,32736000000,11115000000,901000000,1089000000,9704000000,None,21673000000,19751000000,15900000000,154000000,None,154000000,None,412000000,188000000,322000000,1050000000,24049000000,12141000000,7123000000,None,1014000000,0,11178000000,None,10870000000,1014000000,None,10870000000,2191000000,833000000,8687000000,None,8533000000,464000000,928000000,USD,1126000000,33000000,None,-786000000,-958000000,375000000,338000000,None,-883000000,1126000000,-495000000,-1718000000,0,1520000000,1520000000,None,218000000,218000000,None,None,0,None,-1479000000,None,-533000000,-6000000,1126000000
79,2015Q4,74.1946875,74.849296875,73.5239375,74.25203125,4368015.4375,0.8,0.78,0.02,2.5641,USD,4990000000,14227000000,13032000000,9370000000,1187000000,3287000000,None,3803000000,1000000,-133000000,None,133000000,None,None,375000000,401000000,1187000000,451000000,133000000,736000000,667000000,1320000000,1721000000,736000000,USD,33644000000,12140000000,1227000000,1385000000,10434000000,None,21522000000,19655000000,16200000000,154000000,None,154000000,None,382000000,158000000,321000000,1018000000,25266000000,12162000000,7338000000,None,1058000000,0,12384000000,None,12089000000,1058000000,None,12089000000,1997000000,843000000,8378000000,None,8298000000,459000000,917000000,USD,736000000,235000000,None,-40000000,721000000,375000000,274000000,None,732000000,736000000,-250000000,198000000,0,753000000,753000000,None,260000000,260000000,None,None,1718000000,None,-746000000,None,326000000,-4000000,736000000
80,2016Q1,70.57508196721311,71.42604918032787,69.65438524590165,70.55295081967212,5950427.180327869,0.59,0.59,0,0,USD,4588000000,13102000000,13398000000,8648000000,847000000,3771000000,None,4293000000,1000000,-134000000,None,134000000,None,None,369000000,302000000,295000000,284000000,134000000,11000000,-5000000,429000000,731000000,11000000,USD,31266000000,10561000000,405000000,712000000,9458000000,None,20907000000,19577000000,16336000000,154000000,None,154000000,None,222000000,307000000,391000000,511000000,23612000000,10492000000,5633000000,None,1104000000,43000000,12391000000,None,24233000000,1061000000,None,24276000000,1857000000,846000000,7654000000,None,7593000000,455000000,910000000,USD,-3191000000,54000000,None,-1714000000,-882000000,472000000,353000000,None,-954000000,11000000,-357000000,-703000000,43000000,543000000,543000000,None,257000000,257000000,None,None,0,None,-487000000,None,-822000000,0,11000000
81,2016Q2,77.27046875,77.9116734375,76.7354640625,77.35359375,4776980.234375,0.87,0.85,0.02,2.3529,USD,5337000000,15089000000,13674000000,9897000000,1586000000,3391000000,None,3907000000,2000000,-145000000,None,145000000,0,None,357000000,360000000,1430000000,546000000,145000000,884000000,967000000,1586000000,1935000000,884000000,USD,37177000000,16473000000,4561000000,4735000000,11055000000,None,20853000000,19463000000,16600000000,154000000,None,154000000,None,400000000,174000000,683000000,533000000,29965000000,14121000000,8821000000,None,1083000000,0,15118000000,None,14870000000,1083000000,None,14870000000,2369000000,796000000,7212000000,None,7074000000,447000000,894000000,USD,3461000000,259000000,None,3604000000,1742000000,383000000,208000000,None,1556000000,884000000,-349000000,1284000000,-44000000,1253000000,1253000000,None,255000000,255000000,None,None,3267000000,None,-1233000000,None,4156000000,1000000,884000000
82,2016Q3,77.84765625,78.3652171875,77.2812140625,77.77484375,4986933.90625,1.37,1.42,-0.05,-3.5211,USD,6288000000,18105000000,16209000000,11972000000,2051000000,3866000000,None,4403000000,4000000,-155000000,None,155000000,0,None,366000000,371000000,1885000000,718000000,155000000,1167000000,1111000000,2051000000,2411000000,1167000000,USD,36471000000,13351000000,1988000000,2156000000,10604000000,None,23202000000,20274000000,16800000000,1074000000,1074000000,1074000000,None,604000000,168000000,591000000,918000000,29449000000,13183000000,7696000000,None,1193000000,0,15522000000,None,14966000000,1193000000,None,14966000000,2259000000,904000000,6913000000,None,6839000000,440000000,881000000,USD,-1363000000,39000000,None,-1557000000,-1516000000,395000000,282000000,None,-1246000000,1167000000,-2585000000,-1394000000,0,1201000000,1201000000,None,251000000,251000000,None,None,0,None,-1139000000,None,-2573000000,-2000000,1167000000
83,2016Q4,70.65301587301587,71.39206825396826,70.15383968253968,70.75095238095238,6411893.238095238,0.88,0.96,-0.08,-8.3333,USD,5407000000,15585000000,14800000000,10332000000,939000000,4084000000,None,4631000000,4000000,-154000000,None,154000000,0,None,378000000,384000000,775000000,397000000,154000000,379000000,531000000,939000000,1313000000,378000000,USD,35370000000,12728000000,960000000,1083000000,10990000000,None,22659000000,20037000000,17100000000,1034000000,1034000000,1034000000,None,436000000,123000000,655000000,804000000,28662000000,12633000000,7836000000,None,800000000,0,15284000000,None,14328000000,800000000,None,14328000000,2035000000,889000000,6599000000,None,6376000000,437000000,873000000,USD,641000000,290000000,None,-141000000,460000000,412000000,330000000,None,408000000,379000000,-118000000,-1546000000,0,600000000,600000000,None,309000000,309000000,None,None,0,None,-594000000,None,-1028000000,-5000000,378000000
84,2017Q1,76.47969354838709,77.06987903225807,75.98792741935485,76.54241935483871,5127749.677419355,0.86,0.79,0.07,8.8608,USD,4642000000,15636000000,14472000000,11142000000,1269000000,3035000000,None,3723000000,2000000,-148000000,None,148000000,0,None,399000000,338000000,1110000000,447000000,148000000,663000000,638000000,1269000000,1596000000,663000000,USD,34408000000,12000000000,558000000,658000000,10458000000,None,22762000000,19949000000,16969000000,1082000000,1082000000,1082000000,None,366000000,100000000,884000000,789000000,27974000000,11974000000,6651000000,None,1305000000,510000000,15237000000,None,14328000000,795000000,None,14838000000,1975000000,843000000,6434000000,None,6241000000,433000000,866000000,USD,348000000,31000000,None,-1174000000,-325000000,400000000,347000000,None,-540000000,663000000,-309000000,-436000000,510000000,541000000,541000000,None,306000000,306000000,None,None,0,None,-490000000,None,-402000000,-5000000,663000000
85,2017Q2,81.8157142857143,82.33139047619048,81.21662063492063,81.73523809523809,5476373.571428572,1.03,1.06,-0.03,-2.8302,USD,5800000000,16246000000,15301000000,11060000000,1559000000,3876000000,None,4241000000,3000000,-150000000,None,150000000,-464000000,-464000000,None,365000000,934000000,332000000,464000000,-464000000,601000000,1559000000,1449000000,602000000,USD,37613000000,15276000000,1963000000,2047000000,12254000000,None,22677000000,19748000000,16900000000,1081000000,1081000000,1081000000,None,477000000,84000000,975000000,759000000,32082000000,14686000000,9905000000,None,295000000,0,16627000000,None,15210000000,295000000,None,15210000000,2346000000,857000000,5531000000,None,5346000000,426000000,853000000,USD,3295000000,285000000,None,3732000000,1872000000,389000000,202000000,None,1808000000,-464000000,-291000000,-1605000000,-511000000,1237000000,1237000000,None,304000000,304000000,None,None,2968000000,None,-1199000000,None,1405000000,6000000,602000000
86,2017Q3,76.57095238095239,77.1908238095238,75.96190476190476,76.56904761904762,6500832.174603174,1.57,1.61,-0.04,-2.4845,USD,6670000000,19344000000,17113000000,12825000000,2382000000,3931000000,None,4288000000,5000000,-151000000,None,151000000,19495000000,None,None,357000000,2223000000,804000000,151000000,1419000000,1525000000,2382000000,2731000000,1419000000,USD,36668000000,14033000000,1696000000,1815000000,11407000000,None,22985000000,19762000000,17000000000,1255000000,1255000000,1255000000,360000000,360000000,119000000,811000000,930000000,31132000000,13625000000,8649000000,None,296000000,0,16717000000,None,15213000000,296000000,None,15213000000,2565000000,929000000,5536000000,None,5253000000,419000000,837000000,USD,1779000000,39000000,None,-1121000000,-1188000000,379000000,274000000,None,-958000000,1419000000,-505000000,-1547000000,0,1266000000,1266000000,None,299000000,299000000,None,None,0,None,-1224000000,None,-267000000,6000000,1419000000
87,2017Q4,82.49190476190476,83.31413968253968,81.9407634920635,82.66571428571427,5924987.19047619,1.05,1.02,0.03,2.9412,USD,5713000000,16622000000,15223000000,11057000000,1547000000,3808000000,None,4166000000,2000000,-148000000,None,148000000,16770000000,None,None,358000000,1387000000,515000000,148000000,872000000,1045000000,1547000000,1893000000,872000000,USD,36783000000,14009000000,743000000,828000000,12393000000,None,22759000000,19818000000,17100000000,1327000000,1327000000,1327000000,370000000,370000000,85000000,788000000,912000000,31041000000,13738000000,8903000000,None,468000000,171000000,16509000000,None,14965000000,297000000,None,15136000000,2155000000,939000000,5742000000,None,5289000000,415000000,831000000,USD,298000000,286000000,None,-42000000,913000000,380000000,311000000,None,933000000,872000000,-276000000,-978000000,171000000,551000000,551000000,None,344000000,344000000,None,None,0,None,-544000000,None,-953000000,3000000,872000000
88,2018Q1,94.86311475409835,95.9334426229508,93.60852459016394,94.65344262295082,7273597.327868853,0.74,0.87,-0.13,-14.9425,USD,4251000000,15347000000,14396000000,11243000000,1098000000,2829000000,None,3153000000,6000000,-147000000,None,147000000,15494000000,None,None,324000000,944000000,390000000,147000000,554000000,527000000,1098000000,1415000000,554000000,USD,35291000000,12772000000,588000000,690000000,11393000000,None,22900000000,19721000000,17219000000,1307000000,1307000000,1307000000,408000000,408000000,102000000,689000000,915000000,29418000000,12096000000,6590000000,1378000000,1431000000,1137000000,16519000000,None,14967000000,294000000,None,16104000000,1950000000,955000000,5873000000,None,5425000000,415000000,830000000,USD,-307000000,44000000,None,-2524000000,-1056000000,392000000,336000000,None,-992000000,554000000,-369000000,523000000,965000000,138000000,138000000,None,341000000,341000000,None,None,0,None,-86000000,None,-155000000,-2000000,554000000
89,2018Q2,90.4984375,91.4403125,89.604375,90.51296875,5753861.609375,1.19,1.22,-0.03,-2.459,USD,5748000000,17212000000,15895000000,11612000000,1465000000,3934000000,None,4283000000,3000000,-148000000,None,148000000,17360000000,None,None,349000000,1305000000,317000000,148000000,988000000,905000000,1465000000,1802000000,988000000,USD,38237000000,16033000000,1565000000,1770000000,13204000000,None,22303000000,19500000000,17400000000,1288000000,1288000000,1288000000,321000000,321000000,205000000,1059000000,896000000,32492000000,15774000000,10104000000,None,896000000,0,15910000000,None,14969000000,896000000,None,14969000000,2620000000,962000000,5745000000,None,5405000000,411000000,822000000,USD,3429000000,288000000,None,4125000000,2080000000,387000000,224000000,None,1846000000,988000000,-236000000,-2215000000,-1140000000,728000000,728000000,None,340000000,340000000,None,None,0,None,-720000000,None,977000000,-1000000,988000000
90,2018Q3,104.05555555555556,104.9284126984127,103.37730158730157,104.19063492063492,4417459.53968254,2.07,2.02,0.05,2.4752,USD,6885000000,20741000000,18725000000,14003000000,2163000000,4386000000,None,4722000000,9000000,-147000000,None,147000000,20888000000,None,355000000,336000000,2010000000,490000000,147000000,1520000000,1450000000,2163000000,2493000000,1520000000,USD,37105000000,15483000000,2251000000,2642000000,11885000000,None,21696000000,19172000000,17500000000,1271000000,259000000,1271000000,87000000,87000000,391000000,956000000,843000000,31324000000,14581000000,8984000000,1449000000,894000000,0,15915000000,None,14972000000,894000000,None,14972000000,2583000000,978000000,5781000000,None,5517000000,406000000,811000000,USD,2358000000,34000000,None,-1160000000,-1391000000,364000000,319000000,None,-1297000000,1520000000,-244000000,-1422000000,3000000,1118000000,1118000000,None,338000000,338000000,None,None,0,None,-1076000000,None,686000000,-6000000,1520000000
91,2018Q4,96.70825396825397,97.98634920634922,95.1763492063492,96.4184126984127,5381889.904761905,1.04,0.98,0.06,6.1224,USD,5377000000,17268000000,16570000000,12038000000,957000000,3997000000,None,4532000000,9000000,-147000000,None,147000000,17415000000,None,444000000,423000000,804000000,175000000,147000000,629000000,607000000,957000000,1374000000,629000000,USD,36713000000,15138000000,1668000000,1876000000,12365000000,None,21830000000,18923000000,17700000000,1272000000,1272000000,1272000000,290000000,290000000,208000000,897000000,805000000,31319000000,15069000000,9283000000,1356000000,1117000000,0,15423000000,None,14724000000,1117000000,None,14724000000,2507000000,963000000,5394000000,None,5156000000,403000000,806000000,USD,1011000000,233000000,None,267000000,435000000,455000000,303000000,None,481000000,629000000,-308000000,-1284000000,0,652000000,652000000,None,390000000,390000000,None,None,0,None,-629000000,None,-583000000,-2000000,629000000
92,2019Q1,99.53983606557378,100.5525655737705,98.64155737704918,99.79852459016394,4701795.557377049,0.8,0.77,0.03,3.8961,USD,4899000000,15500000000,952000000,10748000000,-568000000,5098000000,None,952000000,7000000,-147000000,None,147000000,15647000000,None,400000000,369000000,-725000000,99000000,147000000,-1904000000,-1904000000,-568000000,-209000000,-824000000,USD,34508000000,14228000000,511000000,729000000,12561000000,None,20242000000,18432000000,17431000000,303000000,569000000,303000000,256000000,256000000,218000000,938000000,995000000,30864000000,14497000000,8279000000,1299000000,1832000000,722000000,15540000000,None,14727000000,1110000000,None,15449000000,2425000000,1149000000,3644000000,None,3452000000,401000000,801000000,USD,-605000000,80000000,None,-1075000000,275000000,401000000,328000000,None,259000000,-824000000,-292000000,-203000000,722000000,539000000,539000000,None,387000000,387000000,None,None,0,None,-498000000,None,-1157000000,-3000000,-824000000
93,2019Q2,105.44412698412698,106.5070634920635,104.39952380952381,105.46857142857144,4991159.206349206,1.22,1.33,-0.11,-8.2707,USD,5581000000,17572000000,16324000000,12160000000,1417000000,3862000000,None,4164000000,7000000,-169000000,7000000,169000000,17741000000,None,324000000,302000000,1255000000,209000000,169000000,1046000000,998000000,1417000000,1726000000,1046000000,USD,43219000000,19335000000,2973000000,3163000000,15026000000,None,24119000000,18150000000,17300000000,None,None,303000000,235000000,235000000,190000000,1146000000,1078000000,39983000000,17781000000,11485000000,1376000000,1008000000,0,17301000000,388000000,17096000000,975000000,None,17096000000,2643000000,759000000,3236000000,None,3095000000,397000000,795000000,USD,2137000000,287000000,None,3459000000,2753000000,337000000,205000000,None,2478000000,1046000000,-131000000,446000000,-722000000,826000000,826000000,None,385000000,385000000,None,None,2972000000,None,-794000000,None,2462000000,-2000000,1046000000
94,2019Q3,105.6925,106.6284375,104.65421875,105.56234375,4588258.828125,2.15,2.01,0.14,6.9652,USD,6740000000,20810000000,18611000000,14252000000,2381000000,4048000000,None,4359000000,12000000,-182000000,12000000,182000000,20992000000,None,325000000,311000000,2212000000,536000000,182000000,1676000000,1745000000,2381000000,2705000000,1676000000,USD,40695000000,16796000000,1796000000,2071000000,13730000000,None,24257000000,18203000000,17400000000,None,None,303000000,633000000,358000000,275000000,995000000,1038000000,38055000000,15835000000,9499000000,1324000000,1009000000,0,21352000000,382000000,17099000000,974000000,None,17099000000,2794000000,759000000,2640000000,None,2439000000,388000000,776000000,USD,1446000000,24000000,None,-2221000000,-1496000000,347000000,321000000,None,-1325000000,1676000000,-327000000,-2297000000,0,1944000000,1944000000,None,382000000,382000000,None,None,0,None,-1904000000,None,1676000000,None,1676000000
95,2019Q4,114.405,115.330625,113.463125,114.34515625,3592292.21875,1.41,1.35,0.06,4.4444,USD,5640000000,17206000000,15830000000,11748000000,1558000000,3772000000,None,4082000000,5000000,-182000000,5000000,182000000,17388000000,None,325000000,310000000,1381000000,332000000,182000000,1049000000,1072000000,1558000000,1873000000,1049000000,USD,39764000000,15662000000,794000000,921000000,13716000000,None,24828000000,18371000000,17300000000,None,None,303000000,853000000,726000000,127000000,1025000000,1016000000,37306000000,15063000000,8822000000,1222000000,1211000000,637000000,21368000000,481000000,16651000000,525000000,None,17288000000,2530000000,791000000,2458000000,None,2238000000,384000000,768000000,USD,528000000,336000000,None,-1123000000,-32000000,345000000,401000000,None,-24000000,1049000000,-405000000,-1127000000,637000000,879000000,879000000,None,428000000,428000000,None,None,0,None,-873000000,None,1049000000,None,1049000000
96,2020Q1,109.2791935483871,111.23951612903227,107.19354838709677,109.26387096774194,5903724.758064516,0.94,0.91,0.03,3.2967,USD,4981000000,15843000000,15069000000,11046000000,958000000,3685000000,None,4023000000,3000000,-184000000,3000000,184000000,16027000000,None,432000000,338000000,775000000,265000000,184000000,510000000,538000000,958000000,1297000000,510000000,USD,39471000000,15318000000,716000000,876000000,13179000000,None,25080000000,18769000000,17310000000,303000000,None,303000000,372000000,372000000,160000000,1263000000,905000000,37499000000,15182000000,7659000000,2113000000,2538000000,1941000000,18374000000,612000000,33468000000,525000000,None,35409000000,2581000000,712000000,1972000000,None,1727000000,381000000,763000000,USD,185000000,879000000,None,-1406000000,-249000000,381000000,557000000,None,-529000000,510000000,-506000000,243000000,305000000,664000000,664000000,None,423000000,423000000,None,None,1000000000,None,-624000000,None,-77000000,3000000,510000000
97,2020Q2,113.9747619047619,115.80968253968254,112.30257142857143,114.20380952380953,5955041.777777778,1.77,1.32,0.45,34.0909,USD,6513000000,19465000000,17684000000,13162000000,1991000000,4196000000,None,4522000000,5000000,-210000000,5000000,210000000,19675000000,None,359000000,326000000,1786000000,449000000,210000000,1337000000,1080000000,1991000000,2322000000,1337000000,USD,45832000000,21926000000,5955000000,6156000000,14283000000,None,25583000000,18629000000,17400000000,1377000000,1066000000,311000000,None,300000000,201000000,1487000000,886000000,44116000000,18325000000,10841000000,2127000000,1604000000,1000000000,25791000000,4421000000,20111000000,604000000,None,21111000000,3180000000,761000000,1716000000,None,1722000000,377000000,755000000,USD,4450000000,345000000,None,3923000000,1389000000,373000000,328000000,None,1183000000,1337000000,-288000000,1092000000,-941000000,966000000,966000000,None,420000000,420000000,None,None,None,None,-962000000,None,5254000000,None,1337000000
98,2020Q3,153.96125,155.6869375,152.18148593749999,153.98921875,3876465.515625,3.75,2.95,0.8,27.1186,USD,9304000000,27075000000,23345000000,17998000000,3957000000,5020000000,None,5347000000,8000000,-227000000,213000000,227000000,27302000000,None,None,327000000,3738000000,910000000,227000000,2828000000,2936000000,3957000000,4292000000,2828000000,USD,51763000000,27717000000,11641000000,12726000000,13831000000,None,24698000000,18734000000,None,1394000000,1083000000,311000000,2387000000,326000000,1085000000,1160000000,921000000,47407000000,21370000000,12916000000,1715000000,1609000000,1000000000,25056000000,4379000000,20114000000,609000000,None,21114000000,3471000000,1000000000,4356000000,None,4134000000,378000000,756000000,USD,7302000000,24000000,None,3161000000,-781000000,374000000,382000000,None,-509000000,2828000000,-1272000000,-363000000,0,0,0,None,416000000,416000000,None,None,0,None,79000000,None,2828000000,None,2828000000
99,2020Q4,162.81625,164.6416078125,160.8559515625,162.43640625,4819539.796875,1.98,1.99,-0.01,-0.5025,USD,7300000000,21022000000,20134000000,15009000000,2175000000,4770000000,None,5125000000,6000000,-227000000,216000000,227000000,21249000000,-1060000000,None,355000000,894000000,202000000,1287000000,692000000,732000000,2175000000,1476000000,692000000,USD,50880000000,26916000000,8249000000,10101000000,15712000000,None,24368000000,18798000000,None,1385000000,1074000000,311000000,3406000000,202000000,1852000000,1103000000,900000000,46807000000,19564000000,12759000000,1614000000,609000000,0,26236000000,4437000000,21124000000,609000000,None,21124000000,2935000000,1144000000,4073000000,None,3942000000,376000000,752000000,USD,-267000000,381000000,None,-852000000,1790000000,405000000,462000000,None,1871000000,692000000,-1092000000,-2033000000,0,562000000,562000000,None,416000000,416000000,None,None,3968000000,None,-543000000,None,692000000,None,692000000
100,2021Q1,171.1983606557377,173.59735081967216,169.52545245901638,171.59524590163934,4169799.2131147543,1.33,1.21,0.12,9.9174,USD,6456000000,20101000000,18787000000,13855000000,1524000000,4541000000,None,4932000000,6000000,-210000000,6000000,210000000,20311000000,None,None,391000000,1320000000,342000000,210000000,978000000,1087000000,1524000000,1921000000,978000000,USD,46735000000,22326000000,4690000000,5196000000,16193000000,None,25459000000,19155000000,17547000000,311000000,1067000000,311000000,200000000,200000000,506000000,937000000,882000000,45298000000,18730000000,10884000000,2627000000,1112000000,0,26568000000,564000000,42444000000,1026000000,None,42444000000,3235000000,991000000,1437000000,None,1117000000,366000000,731000000,USD,-436000000,749000000,None,-1696000000,243000000,442000000,619000000,None,422000000,978000000,758000000,-3887000000,0,3443000000,3443000000,None,452000000,452000000,None,None,None,None,-3393000000,None,-3555000000,10000000,978000000
101,2021Q2,195.82761904761904,197.45472063492062,194.00275396825398,195.65968253968254,3960741.507936508,3.21,2.62,0.59,22.5191,USD,8130000000,24208000000,21177000000,16292000000,3245000000,4494000000,None,4885000000,3000000,-214000000,3000000,214000000,24422000000,None,None,391000000,3034000000,713000000,214000000,2321000000,2446000000,3245000000,3639000000,2321000000,USD,51200000000,26816000000,6692000000,7146000000,18382000000,None,26065000000,19059000000,None,1484000000,1173000000,311000000,None,197000000,454000000,1288000000,1029000000,50755000000,22892000000,13964000000,3072000000,1338000000,0,27863000000,4476000000,22590000000,1338000000,None,22590000000,3705000000,982000000,445000000,None,98000000,358000000,715000000,USD,4492000000,219000000,None,3921000000,2466000000,443000000,461000000,None,2123000000,2321000000,-477000000,-2020000000,0,3038000000,3038000000,None,440000000,440000000,None,None,0,None,-3029000000,None,1995000000,None,2321000000
102,2021Q3,199.18484375,201.1474609375,197.5252859375,199.2965625,3490215.53125,4.25,4.01,0.24,5.985,USD,9312000000,27350000000,23360000000,18258000000,4210000000,4693000000,None,5102000000,3000000,-220000000,4000000,220000000,27570000000,None,None,409000000,3994000000,976000000,220000000,3018000000,2964000000,4210000000,4623000000,3018000000,USD,49404000000,25083000000,4835000000,6255000000,17322000000,None,26014000000,19031000000,None,1468000000,1157000000,311000000,1645000000,225000000,1420000000,1506000000,1024000000,49579000000,21664000000,12011000000,3138000000,2344000000,1000000000,27915000000,4398000000,22597000000,1344000000,None,23597000000,3380000000,1010000000,-175000000,None,-460000000,350000000,699000000,USD,2421000000,218000000,None,-2434000000,-1167000000,464000000,385000000,None,-1027000000,3018000000,-1368000000,-2907000000,0,3136000000,3136000000,None,430000000,430000000,None,None,None,None,-3082000000,None,3018000000,None,3018000000
103,2021Q4,237.4734375,240.007971875,235.67845156250002,237.73875,3225180.34375,2.73,2.36,0.37,15.678,USD,7587000000,22694000000,20129000000,15331000000,2789000000,4373000000,None,4798000000,3000000,-224000000,215000000,224000000,22918000000,None,None,425000000,2566000000,670000000,224000000,1896000000,1955000000,2789000000,3215000000,1896000000,USD,49400000000,24849000000,6121000000,6673000000,16685000000,None,26227000000,18925000000,None,1463000000,1152000000,311000000,765000000,213000000,552000000,1491000000,1032000000,50976000000,20834000000,11334000000,3073000000,2352000000,1000000000,30142000000,4709000000,24572000000,1352000000,None,25572000000,3268000000,1006000000,-1576000000,None,-1913000000,343000000,686000000,USD,2266000000,325000000,None,-1028000000,-723000000,481000000,410000000,None,-650000000,1896000000,485000000,-1464000000,0,2825000000,2825000000,None,563000000,563000000,None,None,None,None,-2816000000,None,1896000000,None,1896000000
104,2022Q1,230.645,233.5721741935484,226.85359032258063,230.00596774193548,4110685.0161290322,1.78,1.71,0.07,4.0936,USD,7027000000,21113000000,19490000000,14312000000,1849000000,4742000000,None,5178000000,2000000,-226000000,219000000,226000000,21339000000,None,None,436000000,1614000000,407000000,226000000,1207000000,1177000000,1849000000,2276000000,1207000000,USD,44640000000,20060000000,1133000000,1404000000,17605000000,None,26768000000,19071000000,17888000000,1441000000,1130000000,311000000,199000000,199000000,271000000,1051000000,1038000000,49456000000,19668000000,11354000000,3041000000,868000000,0,29788000000,563000000,24285000000,765000000,None,24285000000,3207000000,781000000,-4816000000,None,-5115000000,335000000,670000000,USD,934000000,813000000,None,-150000000,860000000,494000000,597000000,None,967000000,1207000000,-286000000,-5625000000,0,4013000000,4013000000,None,551000000,551000000,None,None,None,None,-3953000000,None,-4985000000,-8000000,1207000000
105,2022Q2,192.7183870967742,196.01612903225808,189.72733387096773,192.81306451612903,4183013.7258064514,3.51,3.22,0.29,9.0062,USD,8050000000,23417000000,20357000000,15609000000,3302000000,4303000000,None,4748000000,2000000,-242000000,2000000,242000000,23659000000,None,None,445000000,3059000000,726000000,242000000,2333000000,2533000000,3302000000,3746000000,2333000000,USD,49725000000,25611000000,3414000000,3782000000,20239000000,None,24190000000,18890000000,None,None,None,None,None,76000000,368000000,1590000000,984000000,56602000000,21831000000,13831000000,3231000000,121000000,0,34771000000,4700000000,28228000000,121000000,None,28228000000,3215000000,797000000,-6877000000,None,-7367000000,326000000,652000000,USD,2977000000,375000000,None,2751000000,2858000000,503000000,343000000,None,2646000000,2333000000,-310000000,-386000000,0,4037000000,4037000000,None,537000000,537000000,None,None,None,None,-4036000000,None,2281000000,None,2333000000
106,2022Q3,194.3407703125,197.20089375,192.215371875,194.7640625,3634140.328125,4.67,4.58,0.09,1.9651,USD,9133000000,27207000000,23247000000,18343000000,4229000000,4455000000,None,4904000000,5000000,-269000000,5000000,269000000,27476000000,None,None,449000000,3965000000,973000000,269000000,2992000000,2965000000,4229000000,4683000000,2992000000,USD,46725000000,22667000000,1482000000,1932000000,19329000000,None,24114000000,18713000000,None,None,None,None,None,56000000,450000000,1406000000,1027000000,55167000000,20366000000,12631000000,3137000000,121000000,0,34801000000,4721000000,28241000000,121000000,None,28241000000,3437000000,800000000,-8442000000,None,-8895000000,316000000,631000000,USD,3035000000,61000000,None,-1638000000,-1010000000,504000000,344000000,None,-918000000,2992000000,-399000000,-4568000000,0,4091000000,4091000000,None,524000000,524000000,None,None,None,None,-4020000000,None,-1932000000,None,2992000000
107,2022Q4,199.86984126984126,202.61325555555555,197.18992063492064,199.87238095238098,3409792.4603174604,3.27,3.1,0.17,5.4839,USD,7818000000,23170000000,24623000000,15661000000,924000000,6443000000,None,8962000000,14000000,-309000000,295000000,309000000,23479000000,None,None,451000000,629000000,475000000,309000000,154000000,157000000,924000000,1389000000,154000000,USD,46973000000,24991000000,3192000000,3656000000,19817000000,None,22045000000,17275000000,None,None,None,None,None,63000000,464000000,1518000000,831000000,59841000000,20876000000,12249000000,2920000000,609000000,0,38965000000,4699000000,32890000000,609000000,None,32890000000,3313000000,829000000,-12868000000,None,-13313000000,305000000,611000000,USD,2126000000,473000000,None,-104000000,440000000,502000000,403000000,None,580000000,154000000,-406000000,22000000,0,3999000000,3999000000,None,666000000,666000000,None,None,None,None,-3985000000,None,1742000000,None,154000000
108,2023Q1,202.82862903225808,205.4434806451613,200.3952564516129,203.14645161290323,3097390.419354839,2.28,2.21,0.07,3.1674,USD,7257000000,22445000000,15189000000,15188000000,1704000000,5132000000,None,5552000000,None,-322000000,322000000,337000000,None,None,None,421000000,1383000000,425000000,None,957000000,None,1704000000,2125000000,958000000,USD,43708000000,21442000000,1348000000,1732000000,18532000000,None,22366000000,17567000000,17344000000,None,None,311000000,None,121000000,384000000,1178000000,810000000,57962000000,19511000000,10524000000,2804000000,1084000000,499000000,38472000000,477000000,33270000000,499000000,None,33769000000,3488000000,862000000,-14254000000,None,-14862000000,301000000,601000000,USD,451000000,None,None,None,None,472000000,739000000,None,286000000,958000000,-194000000,-2117000000,None,1997000000,None,None,643000000,643000000,None,None,None,None,-1997000000,None,-1860000000,None,958000000
109,2023Q2,207.6377419354839,209.74700967741936,205.74035322580647,208.00112903225806,2950460.580645161,3.67,3.44,0.23,6.686,USD,7527000000,22347000000,14820000000,14820000000,3288000000,3824000000,None,4239000000,None,-349000000,349000000,349000000,None,None,None,415000000,2939000000,679000000,None,2260000000,2257000000,3288000000,3718000000,2260000000,USD,45917000000,23918000000,2950000000,3373000000,19522000000,None,21999000000,17402000000,None,None,None,None,None,103000000,423000000,1023000000,840000000,60627000000,19210000000,11885000000,None,661000000,72000000,41417000000,4004000000,35863000000,589000000,None,40528000000,3202000000,869000000,-14710000000,None,-15310000000,296000000,592000000,USD,2106000000,None,None,None,None,465000000,380000000,None,-990000000,2260000000,-304000000,-200000000,0,None,0,None,633000000,633000000,None,None,0,None,0,None,1602000000,None,2260000000
110,2023Q3,225.28785714285715,227.10034761904762,223.57746666666668,224.96015873015872,2468601.1587301586,4.56,4.49,0.07,1.559,USD,8399000000,24580000000,21070000000,16557000000,3886000000,4086000000,None,4513000000,35000000,-376000000,341000000,376000000,24956000000,None,None,427000000,3545000000,872000000,376000000,2673000000,2675000000,3886000000,4348000000,2673000000,USD,44521000000,22236000000,3494000000,3868000000,17422000000,None,22467000000,17373000000,None,None,None,None,None,182000000,374000000,946000000,850000000,59253000000,17612000000,10333000000,2797000000,592000000,0,41641000000,4145000000,35883000000,592000000,None,35883000000,3470000000,960000000,-14732000000,None,-15341000000,291000000,582000000,USD,3862000000,None,None,None,None,476000000,385000000,None,-2099000000,2673000000,-411000000,-2907000000,0,2250000000,0,None,624000000,624000000,None,None,0,None,0,None,544000000,None,2673000000
111,2023Q4,202.55904761904762,204.33749047619048,200.83662857142858,202.70126984126983,2898992.777777778,3.06,3.03,0.03,0.9901,USD,6891000000,20099000000,17775000000,13580000000,2696000000,3761000000,None,4195000000,27000000,-372000000,27000000,372000000,20471000000,None,None,434000000,2351000000,578000000,372000000,1773000000,1769000000,2696000000,3157000000,1773000000,USD,42519000000,19968000000,1210000000,1531000000,17530000000,None,22789000000,17527000000,None,None,None,None,None,238000000,321000000,907000000,859000000,57666000000,16496000000,9914000000,2727000000,544000000,0,41170000000,4135000000,35389000000,544000000,None,35389000000,3135000000,966000000,-15147000000,None,-15744000000,288000000,575000000,USD,1064000000,699000000,None,-1241000000,95000000,486000000,579000000,None,107000000,1773000000,-591000000,-2757000000,0,1581000000,1581000000,None,642000000,642000000,None,None,0,None,-1578000000,None,None,None,1773000000
