,reportedCurrency,grossProfit,totalRevenue,costOfRevenue,costofGoodsAndServicesSold,operatingIncome,sellingGeneralAndAdministrative,researchAndDevelopment,operatingExpenses,investmentIncomeNet,netInterestIncome,interestIncome,interestExpense,nonInterestIncome,otherNonOperatingIncome,depreciation,depreciationAndAmortization,incomeBeforeTax,incomeTaxExpense,interestAndDebtExpense,netIncomeFromContinuingOperations,comprehensiveIncomeNetOfTax,ebit,ebitda,netIncome,Quarter
0,USD,-61000000,4896000000,61000000,820000000,1585000000,624000000,None,3046000000,159000000,-82000000,159000000,82000000,4631000000,None,None,150000000,1813000000,438000000,82000000,-122000000,1636000000,1895000000,2045000000,1375000000,2023Q4
1,USD,2435000000,4440000000,2005000000,880000000,1637000000,546000000,145000000,2885000000,139000000,-82000000,171000000,82000000,4522000000,None,None,39000000,1817000000,213000000,82000000,1595000000,1383000000,1899000000,1938000000,1604000000,2023Q3
2,USD,2408000000,4394000000,1986000000,2291000000,1615000000,520000000,141000000,2848000000,89000000,-69000000,89000000,69000000,4463000000,None,None,37000000,1809000000,443000000,69000000,1423000000,1461000000,1878000000,1915000000,1366000000,2023Q2
3,USD,2199000000,4184000000,1985000000,2247000000,1438000000,521000000,135000000,2805000000,86000000,-59000000,86000000,59000000,4243000000,175000000,None,37000000,1542000000,385000000,59000000,1169000000,1283000000,1601000000,1638000000,1157000000,2023Q1
4,USD,-91000000,19735000000,91000000,2202000000,1427000000,580000000,None,2910000000,72000000,-54000000,225000000,54000000,4337000000,279000000,None,137000000,1604000000,345000000,54000000,-182000000,1630000000,1658000000,1795000000,1259000000,2022Q4
5,USD,6641000000,8572000000,1931000000,2193000000,1526000000,554000000,None,2785000000,41000000,-50000000,41000000,50000000,4311000000,215000000,None,38000000,1736000000,330000000,50000000,1361000000,1025000000,1786000000,1824000000,1406000000,2022Q3
6,USD,7016000000,8998000000,1982000000,2290000000,1668000000,530000000,None,2858000000,21000000,-54000000,21000000,54000000,4526000000,-293000000,None,38000000,1435000000,358000000,54000000,963000000,661000000,1489000000,1527000000,1077000000,2022Q2
7,USD,7312000000,9344000000,2032000000,2401000000,1764000000,496000000,None,2935000000,18000000,-54000000,138000000,54000000,4699000000,-84000000,None,38000000,1699000000,263000000,54000000,1363000000,1311000000,1753000000,1791000000,1436000000,2022Q1
8,USD,19912000000,22175000000,2263000000,2465000000,2039000000,564000000,None,3067000000,46000000,-50000000,71000000,50000000,5106000000,121000000,None,140000000,2121000000,478000000,50000000,1632000000,1619000000,2171000000,2311000000,1643000000,2021Q4
9,USD,7876000000,10052000000,2176000000,2466000000,1935000000,611000000,None,3115000000,14000000,-48000000,336000000,48000000,5050000000,384000000,None,38000000,2199000000,518000000,48000000,1753000000,1543000000,2247000000,2285000000,1681000000,2021Q3
10,USD,7542000000,9588000000,2046000000,2391000000,1931000000,461000000,None,2889000000,8000000,-52000000,8000000,52000000,4820000000,322000000,None,37000000,2032000000,654000000,52000000,1547000000,1401000000,2084000000,2121000000,1378000000,2021Q2
11,USD,6713000000,8741000000,2028000000,2234000000,1545000000,585000000,None,2853000000,19000000,-55000000,19000000,55000000,4398000000,101000000,None,34000000,1517000000,318000000,55000000,1273000000,1125000000,1572000000,1606000000,1199000000,2021Q1
12,USD,16337000000,18305000000,1968000000,2129000000,1848000000,474000000,None,2630000000,28000000,-54000000,28000000,54000000,4478000000,373000000,None,153000000,1975000000,427000000,54000000,1740000000,1812000000,2029000000,2182000000,1548000000,2020Q4
13,USD,6785000000,8684000000,1899000000,2124000000,1757000000,461000000,None,2612000000,9000000,-54000000,224000000,54000000,4369000000,278000000,None,27000000,1828000000,464000000,54000000,1517000000,1544000000,1882000000,1909000000,1364000000,2020Q3
14,USD,5678000000,7245000000,1567000000,1827000000,1406000000,388000000,None,2242000000,10000000,-51000000,10000000,51000000,3648000000,408000000,None,27000000,1575000000,361000000,51000000,1402000000,1243000000,1626000000,1653000000,1214000000,2020Q2
15,USD,5070000000,7374000000,2304000000,1859000000,684000000,1142000000,None,3026000000,15000000,-46000000,15000000,46000000,3710000000,-25000000,None,25000000,792000000,-14000000,46000000,627000000,567000000,838000000,863000000,806000000,2020Q1
16,USD,3977000000,3977000000,1841000000,1895000000,1538000000,515000000,None,2439000000,29000000,-51000000,29000000,51000000,3977000000,147000000,None,114000000,1601000000,300000000,51000000,1538000000,1514000000,1652000000,1766000000,1301000000,2019Q4
17,USD,5806000000,7330000000,1524000000,1777000000,1502000000,385000000,None,2190000000,19000000,-54000000,19000000,54000000,3692000000,12000000,None,28000000,1460000000,341000000,54000000,1119000000,999000000,1514000000,1542000000,1119000000,2019Q3
18,USD,5418000000,6996000000,1578000000,1751000000,1278000000,470000000,None,2246000000,20000000,-52000000,20000000,52000000,3524000000,109000000,None,25000000,1325000000,322000000,52000000,1013000000,962000000,1377000000,1402000000,1003000000,2019Q2
19,USD,5179000000,6646000000,1467000000,1710000000,1233000000,388000000,None,2113000000,29000000,-46000000,29000000,46000000,3346000000,171000000,None,15000000,1351000000,298000000,46000000,1060000000,1121000000,1397000000,1412000000,1053000000,2019Q1
20,USD,3374000000,3434000000,60000000,1664000000,1246000000,449000000,None,2188000000,41000000,-46000000,None,46000000,3434000000,-26000000,None,119000000,1174000000,247000000,46000000,1246000000,852000000,1220000000,1339000000,927000000,2018Q4
21,USD,5583000000,7106000000,1523000000,1754000000,1396000000,413000000,None,2180000000,29000000,-46000000,None,46000000,3576000000,79000000,None,13000000,1442000000,226000000,46000000,1203000000,1175000000,1488000000,1501000000,1216000000,2018Q3
22,USD,5678000000,7164000000,1486000000,1761000000,1440000000,393000000,None,2165000000,19000000,-46000000,None,46000000,3605000000,22000000,None,11000000,1411000000,338000000,46000000,1078000000,799000000,1457000000,1468000000,1073000000,2018Q2
23,USD,6726000000,7120000000,394000000,1814000000,1375000000,383000000,None,2208000000,15000000,-46000000,None,46000000,3328000000,30000000,None,11000000,1354000000,265000000,46000000,1094000000,1226000000,1400000000,1411000000,1089000000,2018Q1
24,USD,3469000000,3469000000,490000000,1817000000,1485000000,448000000,None,2279000000,14000000,-46000000,None,46000000,3181000000,47000000,None,42000000,1480000000,-815000000,46000000,1489000000,2336000000,1526000000,1568000000,2295000000,2017Q4
25,USD,6021000000,6415000000,394000000,1449000000,1389000000,363000000,None,2119000000,15000000,-46000000,None,46000000,2983000000,56000000,None,31000000,1387000000,443000000,46000000,959000000,1046000000,1433000000,1464000000,944000000,2017Q3
26,USD,5498000000,5877000000,379000000,1348000000,1237000000,350000000,None,1999000000,13000000,-48000000,None,48000000,2723000000,49000000,None,29000000,1228000000,374000000,48000000,867000000,956000000,1276000000,1305000000,854000000,2017Q2
27,USD,5245000000,5576000000,331000000,1351000000,1143000000,301000000,None,1949000000,7000000,-65000000,None,65000000,2600000000,58000000,None,30000000,1127000000,268000000,65000000,871000000,898000000,1192000000,1222000000,859000000,2017Q1
28,USD,2890000000,2890000000,377000000,1286000000,1225000000,355000000,None,2776000000,7000000,-51000000,None,51000000,2615000000,13000000,None,22000000,1186000000,335000000,51000000,1225000000,729000000,1237000000,1259000000,851000000,2016Q4
29,USD,5267000000,5612000000,345000000,1291000000,1209000000,312000000,None,1628000000,22000000,-52000000,None,52000000,2604000000,53000000,None,33000000,1208000000,333000000,52000000,877000000,837000000,1260000000,1293000000,875000000,2016Q3
30,USD,1899000000,2249000000,350000000,1290000000,1173000000,316000000,None,1631000000,6000000,-51000000,None,51000000,1278000000,26000000,None,34000000,1142000000,353000000,51000000,795000000,703000000,1193000000,1227000000,789000000,2016Q2
31,USD,3548000000,3977000000,429000000,1242000000,963000000,318000000,None,1661000000,5000000,-51000000,None,51000000,1184000000,3000000,None,35000000,925000000,268000000,51000000,647000000,631000000,976000000,1011000000,657000000,2016Q1
32,USD,2863000000,2863000000,384000000,1292000000,1137000000,410000000,None,1726000000,5000000,-51000000,None,51000000,106000000,58000000,None,-26000000,1140000000,279000000,51000000,1137000000,821000000,1191000000,1165000000,861000000,2015Q4
33,USD,3087000000,3452000000,365000000,1335000000,1222000000,319000000,None,1688000000,12000000,-50000000,None,50000000,360000000,16000000,None,46000000,1185000000,342000000,50000000,832000000,774000000,1235000000,1281000000,843000000,2015Q3
34,USD,5399000000,5758000000,359000000,1320000000,1238000000,312000000,None,1667000000,5000000,-52000000,None,52000000,2683000000,-41000000,None,47000000,1190000000,371000000,52000000,826000000,919000000,1242000000,1289000000,819000000,2015Q2
35,USD,4947000000,5334000000,387000000,1282000000,1067000000,339000000,None,1656000000,4000000,-51000000,None,51000000,2515000000,51000000,None,48000000,1080000000,258000000,51000000,860000000,656000000,1131000000,1179000000,822000000,2015Q1
36,USD,2784000000,2784000000,339000000,1218000000,1144000000,387000000,None,1640000000,6000000,-58000000,None,58000000,2556000000,-60000000,None,-48000000,1091000000,278000000,58000000,1144000000,709000000,1149000000,1101000000,813000000,2014Q4
37,USD,5141000000,5571000000,430000000,1276000000,1157000000,376000000,None,1692000000,10000000,-61000000,None,61000000,2618000000,-52000000,None,54000000,1149000000,232000000,61000000,873000000,747000000,1210000000,1264000000,917000000,2014Q3
38,USD,4999000000,5431000000,432000000,1238000000,1122000000,377000000,None,1656000000,3000000,-60000000,None,60000000,2567000000,16000000,None,55000000,1105000000,297000000,60000000,841000000,844000000,1165000000,1220000000,808000000,2014Q2
39,USD,2450000000,2819000000,369000000,1265000000,1051000000,313000000,None,1619000000,10000000,-53000000,None,53000000,2468000000,17000000,None,56000000,1080000000,324000000,53000000,744000000,756000000,1133000000,1189000000,756000000,2014Q1
40,USD,2777000000,2777000000,380000000,1193000000,1133000000,410000000,None,1644000000,4000000,-52000000,None,52000000,2567000000,24000000,None,-30000000,1148000000,307000000,52000000,1133000000,885000000,1200000000,1170000000,841000000,2013Q4
41,USD,2236000000,2624000000,388000000,1132000000,966000000,334000000,None,1506000000,8000000,-52000000,None,52000000,2268000000,-18000000,None,54000000,949000000,219000000,52000000,729000000,849000000,1001000000,1055000000,730000000,2013Q3
42,USD,2110000000,2627000000,517000000,1128000000,849000000,465000000,None,1633000000,4000000,-53000000,None,53000000,2284000000,69000000,None,52000000,941000000,212000000,53000000,706000000,697000000,994000000,1046000000,729000000,2013Q2
43,USD,4461000000,4844000000,383000000,1169000000,909000000,331000000,None,1540000000,6000000,-54000000,None,54000000,2254000000,41000000,None,52000000,916000000,284000000,54000000,666000000,525000000,970000000,1022000000,632000000,2013Q1
44,USD,2539000000,2539000000,453000000,1093000000,1005000000,401000000,None,1534000000,9000000,-57000000,None,57000000,2333000000,-67000000,None,-31000000,978000000,288000000,57000000,1005000000,689000000,1035000000,1004000000,690000000,2012Q4
45,USD,4204000000,4583000000,379000000,94000000,875000000,327000000,None,1445000000,10000000,-57000000,None,57000000,2146000000,30000000,None,52000000,892000000,250000000,57000000,655000000,710000000,949000000,1001000000,642000000,2012Q3
46,USD,4029000000,4406000000,377000000,879000000,829000000,324000000,None,1400000000,8000000,-52000000,None,52000000,2051000000,-40000000,None,53000000,783000000,229000000,52000000,560000000,518000000,835000000,888000000,554000000,2012Q2
47,USD,4087000000,4449000000,362000000,920000000,815000000,307000000,None,1434000000,9000000,-49000000,None,49000000,2076000000,23000000,None,55000000,835000000,263000000,49000000,575000000,609000000,884000000,939000000,572000000,2012Q1
48,USD,2195000000,2227000000,32000000,87000000,808000000,341000000,None,1419000000,9000000,-48000000,None,48000000,2132000000,7000000,None,-42000000,787000000,232000000,48000000,808000000,538000000,835000000,793000000,555000000,2011Q4
49,USD,3953000000,4401000000,448000000,861000000,777000000,389000000,None,1448000000,12000000,-49000000,None,49000000,2063000000,-112000000,None,59000000,690000000,95000000,49000000,570000000,525000000,739000000,798000000,595000000,2011Q3
50,USD,4249000000,4653000000,404000000,924000000,866000000,345000000,None,1481000000,4000000,-41000000,None,41000000,2177000000,-24000000,None,59000000,839000000,220000000,41000000,622000000,631000000,880000000,939000000,619000000,2011Q2
51,USD,4100000000,4502000000,402000000,939000000,798000000,340000000,None,1484000000,9000000,-38000000,None,38000000,2012000000,15000000,None,62000000,817000000,249000000,38000000,614000000,612000000,855000000,917000000,568000000,2011Q1
52,USD,2493000000,2493000000,582000000,106000000,940000000,409000000,None,1553000000,10000000,-35000000,None,35000000,1978000000,18000000,None,63000000,966000000,309000000,35000000,940000000,656000000,1001000000,1064000000,657000000,2010Q4
53,USD,3744000000,4126000000,382000000,879000000,707000000,316000000,None,1385000000,10000000,-37000000,None,37000000,1823000000,78000000,None,66000000,752000000,201000000,37000000,594000000,642000000,789000000,855000000,551000000,2010Q3
54,USD,3556000000,3963000000,407000000,806000000,697000000,340000000,None,1335000000,5000000,-38000000,None,38000000,1824000000,-75000000,None,67000000,665000000,233000000,38000000,394000000,411000000,703000000,770000000,432000000,2010Q2
55,USD,3583000000,3938000000,355000000,873000000,654000000,289000000,None,1341000000,4000000,-40000000,None,40000000,1781000000,2000000,None,66000000,651000000,228000000,40000000,467000000,354000000,691000000,757000000,423000000,2010Q1
56,USD,1544000000,1544000000,337000000,-1079000000,389000000,274000000,None,1155000000,4000000,-23000000,None,23000000,1214000000,None,None,63000000,406000000,150000000,23000000,389000000,248000000,429000000,492000000,256000000,2009Q4
57,USD,2134000000,2354000000,220000000,563000000,357000000,161000000,None,783000000,4000000,-15000000,None,15000000,987000000,None,None,59000000,418000000,101000000,15000000,338000000,310000000,433000000,492000000,317000000,2009Q3
58,USD,1878000000,2131000000,253000000,515,261000000,191000000,None,768000000,4000000,-15000000,None,15000000,890000000,None,None,62000000,312000000,94000000,15000000,466000000,355000000,327000000,389000000,218000000,2009Q2
59,USD,507000000,987000000,480000000,480000000,271000000,151000000,None,716000000,None,None,None,15000000,None,None,None,57000000,114000000,30000000,None,None,56000000,129000000,358000000,84000000,2009Q1
60,USD,2415302000,1063690000,-1351612000,-1351612000,338000000,1969703000,None,726000000,None,None,None,15000000,None,None,None,56515000,45000000,-7000000,None,None,-44000000,60000000,446431000,52000000,2008Q4
61,USD,694867000,1313220000,618353000,618353000,454000000,170917000,None,859000000,None,None,None,18000000,None,None,None,70414000,334000000,117000000,None,None,51000000,352000000,543555000,217000000,2008Q3
62,USD,681379000,1386951000,705572000,705572000,405000000,206395000,None,982000000,None,None,None,18000000,None,None,None,27647000,421000000,147000000,None,None,254000000,439000000,488908000,274000000,2008Q2
