,reportedCurrency,grossProfit,totalRevenue,costOfRevenue,costofGoodsAndServicesSold,operatingIncome,sellingGeneralAndAdministrative,researchAndDevelopment,operatingExpenses,investmentIncomeNet,netInterestIncome,interestIncome,interestExpense,nonInterestIncome,otherNonOperatingIncome,depreciation,depreciationAndAmortization,incomeBeforeTax,incomeTaxExpense,interestAndDebtExpense,netIncomeFromContinuingOperations,comprehensiveIncomeNetOfTax,ebit,ebitda,netIncome,Quarter
0,USD,102235,11348469,11246234,11246234,-1788536,1773400,117371,1890771,1623,-2278,None,2278,None,-46187,7802,130441,-1833100,None,2278,-1833039,-1798438,-1788536,-1658095,-1832978,2023Q4
1,USD,74735,6880743,6806008,6806008,-857776,777507,155004,932511,106,-2503,106,2503,None,-7864,10662,127211,-865534,-137873,2503,-855602,-183272,-857776,-730565,-12124,2023Q3
2,USD,39876,3667619,3627743,3627743,-5547173,5384619,202430,5587049,None,38,38,26846,None,-8791,5970,163188,-6426868,-870648,None,-5555918,-5377006,-5547173,-5383985,-5556220,2023Q2
3,USD,96528,1787677,1691149,1691149,-1306669,123289,306200,1403197,None,36,36,9604,1787677,9568,15955,148701,-1295159,0,None,1243697,-1315941,-1306669,-1157968,-1295159,2023Q1
4,USD,35429,131459,96030,371380,-1025370,1280006,148812,1060799,29,46,46,36351,425710,9568,30808,147044,-1290990,0,None,-1045665,-1352095,-1306669,-1159625,-1290990,2022Q4
5,USD,150197,1040000,1014108,1014108,-1095702,1343509,106628,1095702,64,99,99,99,1164305,-1239,40861,148903,-1337315,8,None,-1102020,-1324985,-1095702,-946799,-1337323,2022Q3
6,USD,57375,1930911,729389,-14379983,-2564107,1230146,291336,2621482,None,12767,12767,12767,786764,62158,36298,128753,-2489182,-438338,None,-2489182,-2205343,-2564107,-2435354,-2125769,2022Q2
7,USD,588404,5540000,6055134,5000000,-1258199,2597771,248832,1846603,None,4837,4837,4837,6643538,7670,41506,137720,-1245692,26883,None,-1245692,-1257493,-1258199,-1120479,-1277412,2022Q1
8,USD,588404,8950000,6055134,8710000,-1258199,1655001,248832,1846603,None,12359,12359,12359,8979479,7670,46088,95435,-1823474,-158540,None,-1823474,-1257493,-1258199,-1162764,-1677293,2021Q4
9,USD,63595,670000,607535,607535,-1573891,1350270,287216,1637486,None,20534,20534,20534,671130,23,40253,51769,-1553334,-132634,None,-1553334,-1445931,-1573891,-1522122,-1441234,2021Q3
10,USD,8003,22213,14210,14210,-1737768,1430941,314830,1745771,None,601,601,601,22213,-3387,37284,49598,-1740554,-142538,-171750,-1740554,-1601045,-1737768,-1688170,-1598617,2021Q2
11,USD,7774,17686,9912,9912,-1266501,1066501,207774,1274275,None,112,112,112,17686,-9958,38819,5292,-1276347,-57459,0,-1276347,-1226072,-1266501,-1261209,-1219000,2021Q1
12,USD,86070,126184,40114,40114,-980946,932507,134509,1067016,None,208,208,None,126184,-19854,29801,-4223,-760737,203300,0,-1000592,-909973,-980946,-985169,-964037,2020Q4
13,USD,-7844,9055,16899,16899,-876071,673501,194726,868227,None,1596,1596,None,9055,7652,36221,6440,-739523,127300,200000,-866823,-808344,-876071,-869631,-866823,2020Q3
14,USD,3040115,3768817,728702,146380,410900,542525,314975,857500,None,5627,5627,None,None,1135,31989,39797,-152338,-469,None,-157496,403711,410900,450697,412504,2020Q2
15,USD,-465057,9055,465057,16899,-690657,461511,229146,690657,None,10134,10134,None,None,2784,23556,3546,-557739,-10134,None,-557739,-677020,-690657,-687111,-677739,2020Q1
16,USD,-194,52522,698223,194,-1015655,696303,319158,1015461,None,52522,11534,None,None,3088,4490,1726,-1001033,0,None,-1015655,-1019271,-1015655,-1013929,-1001033,2019Q4
17,USD,0,72873,610187,0,-609641,358434,251207,609641,None,72873,22160,None,None,-9504,5217,1753,-596985,0,None,-609641,-590372,-609641,-607888,-596985,2019Q3
18,USD,-359715,26335,386050,None,-169829,134684,35145,169829,None,26335,28750,None,None,839,6655,1366,-140245,0,None,-169829,986013,-169829,-168463,-140245,2019Q2
19,USD,-546357,894,547251,7434,-574589,545371,29218,574589,None,894,32700,None,None,894,7156,1880,-540999,0,None,-574589,-917379,-574589,-572709,-540999,2019Q1
20,USD,-347901,460,348361,None,460371,347555,41114,388669,None,460,None,None,None,460,6186,806,-372278,0,None,-388669,-775831,460371,461177,-372278,2018Q4
21,USD,-7434,303450,310884,7434,371659,303450,62771,366221,None,-3925,None,None,None,-3925,11445,717,-371659,0,None,-373655,-713741,371659,372376,-371659,2018Q3
22,USD,-9659,15151,-53308,4728,-2900362,13739,109734,375355,None,20082,None,74.80,-4931,20082,9621,419,-365206,0,None,-385014,-948137,-2900362,-2899943,-365206,2018Q2
23,USD,6398,12506,451877,70,438937,451373,77867,451373,None,6038,None,212.19,6468,6038,7748,434,-438937,0,None,-444975,-828050,438937,439371,-438937,2018Q1
24,USD,40,7459,399379,0,391501,398960,77002,398960,None,7459,None,None,40,7459,6969,419,-391501,0,None,-398960,-699866,391501,391920,-391501,2017Q4
25,USD,8973,32975,441927,21,408497,441491,94560,441491,None,23981,None,274,8994,23981,6669,415,-408537,0,None,-432518,-676492,408497,408912,-408537,2017Q3
26,USD,61408,39193,487603,-55650,-481441,542849,204000,542849,None,33435,None,274,5758,33923,1482,404,-447518,0,None,-507892,-939514,-481441,-481037,-447518,2017Q2
27,USD,23,13731,280741,2029,-278285,278308,None,278308,None,11679,None,None,2052,11994,13403,404,-266291,0,None,-266291,-475776,-278285,-277881,-266291,2017Q1
28,USD,-6054,144190,357261,139018,-223970,217916,None,217916,None,11226,None,None,None,11397,28315,327,-212573,0,None,-212573,-473229,-223970,-223643,-212573,2016Q4
29,USD,0,3028,270230,264000,-537096,269894,None,269894,None,-3028,None,None,None,-3060,6005,336,-266834,0,None,-266834,-494736,-537096,-536760,-266834,2016Q3
30,USD,-374835,None,372292,None,-749868,372292,73000,372292,None,None,None,274,None,-2668,15063,307,92389,467349,None,-374960,-12266,-749868,-749561,-374960,2016Q2
31,USD,-190091,None,190091,None,-380182,190091,None,190091,None,None,None,None,None,87,3245,366,-237431,-47427,None,-190004,14208,-380182,-379816,-190004,2016Q1
32,USD,-397589,None,397589,None,-397589,397589,None,397589,None,None,None,None,None,4,3638,318,-397585,-10000,None,-397585,2867,-397589,-397271,-397585,2015Q4
33,USD,-6614,None,6614,None,-162335,6614,None,162307,None,-28,None,None,None,6,3140,109,-6614,None,None,-6614,-6614,-162335,-162226,-162301,2015Q3
34,USD,-4767,None,4767,None,-9534,4767,None,4767,None,None,None,None,None,None,None,None,-4767,57564,None,-4767,-4767,-9534,-4767,-4767,2015Q2
35,USD,-2777,None,2777,None,-5554,27515,None,27515,None,None,None,None,None,None,None,None,-2777,-6879,None,-2777,-2777,-5554,-2777,-27515,2015Q1
